3014 4898
370 259 507 328 &otmar
521 264 560 345 of
567 260 627 324 All
640 259 734 325 &uls
753 260 878 345 Collega,
900 259 1028 346 Oaford.
1229 259 1273 324 23

117 434 202 506 odio,
225 455 340 504 amore,
367 433 500 504 invidia,
521 432 708 515 acceptione
733 433 854 515 patriae,
883 453 1034 515 personae.
1059 433 1153 496 aliter
1174 455 1270 515 quam

117 521 274 605 superius.
292 543 347 583 sen
362 542 454 603 prece
468 519 519 582 vel
533 519 645 602 pretio,
661 519 843 602 caeterisque
866 519 1035 595 coloribus,
1050 519 1270 583 occasionibus

117 620 147 668 et
163 609 281 686 causis,
293 607 477 691 postpositis
492 607 739 689 quibuscunque,
751 605 785 668 in
800 605 922 669 nullum
934 605 1034 671 alium
1050 604 1270 668 assumendum

116 692 165 755 vel
189 694 419 756 admittendum
442 693 650 770 consentiant,
666 691 732 754 nisi
754 715 852 774 quem
875 693 1070 774 speraverint
1092 705 1123 754 et
1138 691 1272 755 firmiter

118 780 312 842 crediderint
339 780 375 842 in
398 779 508 841 eodem
534 778 677 860 Collegio
703 779 744 839 ad
773 779 919 841 honorem
951 778 1017 842 Dei
1043 792 1073 842 et
1098 778 1270 861 profectum

118 867 218 928 studii
241 864 423 929 scholastici
446 865 649 928 effectualiter
672 887 761 948 posse
783 876 813 926 et
833 864 913 928 velle
928 865 1077 948 proficere
1093 886 1131 925 ac
1146 865 1268 929 debere.

118 951 245 1027 Quibus
268 952 419 1015 omnibus
443 951 491 1013 sic
515 951 661 1034 peractis,
687 950 862 1033 quemlibet
888 949 1062 1014 scholarem
1086 963 1116 1013 et
1138 949 1268 1016 Socium
1281 961 1344 1019 Oion
1358 972 1422 1020 robe

117 1039 166 1100 sic
184 1039 317 1102 electum
339 1037 389 1099 vel
412 1046 624 1120 assumptum,
648 1037 758 1099 statim
782 1047 852 1121 post
876 1037 982 1120 ipsius
1007 1037 1195 1100 electionem
1217 1039 1267 1099 vel
1280 1033 1350 1084 uteo
1364 1037 1393 1098 br
1406 1054 1422 1085 ⁸

115 1125 380 1208 assumptionem,
397 1135 566 1206 antequam
589 1124 629 1185 de
648 1124 825 1186 communis
840 1145 878 1185 ac
900 1122 975 1186 aliis
992 1123 1213 1185 emolumentis
1226 1125 1268 1187 ab
1280 1099 1388 1151 Scholar.

115 1211 190 1294 ipso
206 1210 350 1297 Collegio
372 1211 574 1293 provideatur
592 1209 710 1288 eidem,
726 1209 942 1293 subscriptum
958 1220 1108 1293 praestare
1122 1209 1267 1273 volumus

112 1295 335 1380 juramentum.
383 1295 488 1381 “Ego
504 1296 544 1370 Q.
562 1295 601 1374 Q.
620 1295 703 1379 juro,
719 1296 760 1358 ad
784 1298 851 1358 haec
878 1307 984 1360 sancta
1007 1296 1071 1359 Dei
1087 1295 1268 1381 Evangelia
1279 1306 1430 1356 Otservance

116 1405 174 1466 per
197 1408 248 1446 me
272 1383 479 1467 corporaliter
505 1394 596 1452 tacta,
623 1383 707 1465 qnod
726 1382 836 1445 omnia
861 1395 978 1445 statuta
1001 1393 1032 1445 et
1054 1383 1267 1445 ordinationes
1278 1378 1385 1422 statute..

114 1468 212 1553 hujus
228 1469 377 1556 Collegii,
393 1491 431 1530 ac
445 1469 555 1531 omnia
569 1481 599 1530 et
611 1467 739 1553 singula
752 1477 903 1531 contenta
915 1469 951 1531 in
967 1469 1099 1543 eisdem,
1114 1479 1268 1552 quatenus

116 1578 284 1639 personam
307 1577 410 1618 meam
437 1567 628 1617 concernunt
652 1554 701 1617 vel
728 1577 913 1617 concernere
933 1555 1080 1638 poterint,
1095 1556 1268 1618 secundnm

115 1641 257 1725 planum,
290 1641 444 1705 literalem
479 1653 510 1704 et
538 1641 817 1726 grammaticalem,
848 1663 975 1705 sensum
1012 1651 1044 1705 et
1073 1640 1267 1705 intellectum

114 1727 298 1800 eorundem,
313 1727 542 1791 iuviolabiliter
564 1727 674 1790 tenebo
692 1739 722 1789 et
737 1728 922 1800 observabo,
938 1738 969 1791 et
982 1738 1136 1811 quantum
1159 1728 1195 1790 in
1218 1750 1268 1791 me

115 1815 208 1880 suerit
221 1826 326 1877 tenere
342 1814 457 1877 faciam
468 1814 509 1876 ab
524 1812 598 1876 aliis
614 1825 644 1876 et
655 1814 754 1877 etiam
767 1814 934 1878 observari.
979 1814 1138 1896 Alioquin
1153 1835 1268 1897 poenas
1279 1823 1428 1901 Subutuion

116 1901 152 1963 in
175 1921 237 1963 non
255 1914 401 1984 parentes
424 1902 461 1963 in
485 1900 662 1983 praemissis
682 1899 735 1964 vel
758 1923 864 1962 eornm
888 1901 1006 1983 aliquo,
1022 1901 1056 1962 in
1070 1900 1168 1964 dictis
1181 1901 1266 1964 ordi·
1279 1889 1402 1954 penatores.
1427 1896 1430 1901 ’

116 1988 300 2051 nationibus
326 2001 356 2051 et
380 1987 506 2050 statutis
529 1986 669 2049 inflictas
692 2009 730 2049 ac
751 1986 849 2049 etiam
863 1987 1036 2067 ordinatas,
1053 1986 1122 2049 sine
1144 1998 1267 2051 contra·

115 2073 256 2136 dictione
274 2095 457 2157 quacunque
473 2074 587 2136 subibo
600 2085 634 2137 et
649 2096 699 2135 me
716 2072 880 2136 humiliter
905 2074 1085 2136 subiturum
1100 2073 1265 2156 promitto,

110 2157 206 2242 juxta
220 2181 347 2223 omnem
361 2161 438 2229 vim,
454 2159 587 2222 sormam
612 2172 643 2222 et
666 2159 819 2230 effectum,
833 2159 1066 2223 ordinationum
1090 2173 1123 2223 et
1137 2171 1265 2223 statuto-

114 2267 184 2307 rum
209 2246 387 2308 eorundem.
434 2246 590 2329 Quodque
612 2245 700 2308 nulla
723 2245 790 2308 alia
816 2253 936 2309 statuta
961 2268 1019 2309 seu
1041 2246 1265 2325 ordinationes,
1277 2251 1439 2315 Reisetiou'ot

114 2330 391 2414 interpretationes,
406 2331 649 2403 immutationes,
664 2329 882 2416 injunctiones,
896 2344 951 2394 aut
977 2332 1191 2416 expositiones
1214 2332 1266 2395 vel
1277 2316 1439 2427 pqhertqrarure

114 2417 231 2501 glosas,
245 2417 410 2499 praedictis
431 2416 683 2480 ordinationibus
704 2426 737 2479 et
759 2417 886 2480 statutis
911 2417 1178 2501 qualitercunque,
1194 2396 1439 2494 001010110οηᾙεῖ

115 2503 224 2565 sensui
239 2515 270 2564 et
284 2503 459 2565 intellectui
475 2506 654 2580 eorundem,
671 2514 707 2567 ut
726 2502 901 2587 praefertur,
917 2505 1126 2590 repugnantia
1147 2504 1196 2567 vel
1219 2527 1265 2567 re·

114 2602 299 2674 pugnantes,
310 2588 494 2675 derogantia
507 2588 559 2652 vel
572 2589 767 2675 derogantes,
784 2590 939 2653 contraria
952 2592 1003 2652 vel
1016 2591 1195 2669 contrarias,
1210 2613 1267 2674 per

114 2696 328 2759 quemcunque
342 2676 393 2738 vel
408 2696 610 2759 quoscunque
633 2676 734 2739 alium
749 2676 800 2737 vel
822 2676 904 2738 alios
924 2699 1019 2759 quam
1042 2698 1103 2759 per
1125 2699 1266 2761 reveren·

115 2765 192 2824 dnm
202 2762 237 2826 iu
247 2761 376 2824 Christo
387 2772 507 2845 patrem
519 2761 697 2826 Henricum
707 2761 877 2825 Chichelee
889 2762 1101 2826 Fundatorem
1112 2774 1264 2844 nostrum,

116 2848 409 2932 Archiepiscopnm
437 2847 711 2921 cantuariensem,
740 2847 828 2911 edita
856 2849 906 2912 vel
929 2849 1061 2925 edenda,
1086 2850 1187 2912 editas
1215 2850 1266 2913 vel

114 2934 256 3006 edendas,
272 2934 504 3018 quomodolibet
526 2936 706 3019 acceptabo,
722 2934 768 2997 vel
794 2935 835 2997 ad
858 2958 895 2997 ea
915 2937 1112 3011 consentiam,
1130 2947 1184 2999 ant
1197 2937 1266 3019 ipsa

115 3021 293 3104 aliqualiter
318 3023 494 3091 admittam,
511 3021 560 3086 vel
584 3021 699 3084 eisdem
724 3021 840 3104 parebo
856 3021 922 3083 ullo
947 3035 1104 3106 tempore;
1133 3045 1188 3085 nec
1204 3023 1266 3085 illis

115 3108 163 3168 vel
179 3128 287 3169 eornm
310 3107 416 3190 aliquo
439 3107 504 3170 ullo
530 3107 624 3170 modo
650 3121 721 3169 utar
734 3108 766 3169 in
781 3106 924 3192 Collegio
942 3109 1089 3190 praedicto
1104 3109 1153 3172 vel
1169 3121 1264 3181 extra,

115 3194 207 3256 tacite
222 3195 270 3256 vel
287 3216 442 3277 expresse;
468 3196 520 3256 sed
535 3193 579 3254 eis
600 3205 629 3256 et
651 3216 760 3256 eornm
783 3193 908 3255 cuilibet
930 3194 1142 3257 contradicam
1164 3208 1194 3257 et
1217 3217 1267 3257 re-

114 3280 222 3341 sistam
245 3301 397 3363 expresse,
413 3279 540 3362 ipsaque
557 3278 622 3341 fieri
639 3279 692 3341 viis
705 3291 735 3340 et
749 3278 849 3342 modis
863 3281 979 3362 quibus
992 3282 1109 3343 scivero
1130 3281 1265 3364 impedi·

115 3387 178 3435 am,
189 3365 282 3449 juxta
298 3387 395 3448 posse.
440 3363 534 3434 Item,
549 3365 574 3425 si
589 3365 751 3448 contingat
765 3386 816 3425 me
831 3367 907 3428 scire
928 3366 1033 3450 aliqua
1048 3379 1169 3428 secreta
1191 3367 1263 3430 dicti
1277 3372 1375 3434 college
1383 3389 1439 3422 sacr«

115 3449 261 3535 Collegii,
276 3453 345 3533 ipsa
360 3450 392 3512 in
406 3451 557 3512 damnum
573 3451 639 3513 sive
656 3448 877 3533 praejudicium
901 3449 1040 3534 ejusdem
1056 3450 1188 3537 Collegii
1205 3474 1264 3516 non

115 3535 259 3600 revelabo
282 3535 323 3597 ad
347 3549 437 3598 extra
459 3537 667 3618 quovismodo.
714 3535 867 3617 Quodque
889 3538 975 3599 dicto
997 3536 1139 3623 Collegio
1167 3539 1265 3602 fidelis
1276 3545 1421 3607 Fidelityto

114 3643 186 3699 ero;
210 3622 334 3693 damna,
352 3622 503 3684 scandala
516 3622 565 3684 vel
580 3620 805 3705 praejudicium,
824 3621 909 3685 dicto
926 3622 1072 3707 Collegio
1087 3624 1265 3687 nullatenus
1277 3611 1384 3674 ⁰⁰¹¹⁰⁸⁰·

114 3710 228 3771 seciam
240 3719 302 3777 aut,
315 3719 465 3790 quatenus
481 3709 513 3769 in
528 3730 578 3769 me
594 3708 693 3781 suerit,
710 3707 780 3770 fieri
803 3709 983 3786 sustinebo;
1007 3711 1057 3772 sed
1075 3709 1129 3771 illa
1145 3731 1199 3792 per
1213 3733 1266 3773 me

114 3806 145 3858 et
160 3795 240 3858 alios
252 3794 355 3856 modis
369 3794 486 3876 quibus
502 3792 615 3856 melius
630 3807 738 3878 potero
754 3815 792 3855 ne
807 3795 882 3857 fiant
895 3794 1087 3880 impediam3
1104 3808 1135 3856 et
1151 3797 1180 3859 si
1192 3796 1266 3879 ipsa

115 3882 269 3966 impedire
283 3902 347 3943 non
362 3891 476 3963 potero,
490 3880 637 3951 Custode,
647 3879 863 3953 Vicecustode,
873 3880 1016 3945 Decanis
1031 3895 1086 3944 aut
1102 3882 1264 3960 burseriis,
1278 3882 1439 3958 Obedjencet

115 3968 196 4030 dicti
212 3966 354 4054 Collegii
369 3966 511 4050 plenarie
525 3967 676 4029 revelabo.
724 3965 870 4042 Custodi,
894 3967 1034 4051 insuper,
1051 3963 1410 4051 1110000010111,’ΨΜΙ

116 4054 260 4117 Decanis
275 4067 330 4116 aut
342 4053 507 4124 burseriis,
517 4064 548 4115 et
560 4053 634 4115 aliis
644 4053 723 4115 meis
737 4053 952 4136 superioribus
967 4053 996 4117 in
1010 4055 1093 4118 dicto
1104 4055 1267 4139 Collegio,

115 4141 150 4202 in
165 4141 263 4204 licitis
277 4153 307 4201 et
321 4139 468 4214 honestis,
478 4151 509 4202 et
524 4139 663 4202 maxime
676 4139 709 4201 in
725 4140 803 4202 dicti
819 4137 959 4220 Collegii
974 4141 1108 4224 negotiis
1123 4153 1153 4202 et
1166 4142 1265 4218 factis,

115 4226 273 4303 obediam,
286 4227 447 4305 assistam,
466 4240 497 4288 et
512 4227 716 4289 reverentiam
727 4226 866 4288 debitam
882 4225 1063 4288 obedienter
1077 4227 1265 4308 impendam.

50 4357 54 4363 .
115 4311 397 4376 Admonitionibus
413 4334 482 4375 vcro
506 4311 759 4394 injunctionibus
779 4324 809 4375 et
823 4312 962 4390 decretiS,
978 4313 1222 4374 correctionibus
1237 4324 1267 4375 et

116 4398 333 4479 punitionibus
355 4400 604 4481 quibuscunque,
623 4398 777 4460 Custodis
800 4412 830 4460 et
849 4397 1066 4461 Vicecustodis
1089 4398 1169 4460 dicti
1194 4396 1269 4462 Col-

114 4483 194 4569 legii
208 4505 472 4568 quorumcunque,
488 4487 541 4567 qni
564 4505 622 4568 pro
644 4497 784 4568 tempore
810 4484 931 4556 luerint,
946 4484 1119 4548 secundum
1134 4484 1266 4547 formam

1426 4578 1439 4633 1
