<?xml version="1.0" encoding="UTF-8"?>
<!DOCTYPE html PUBLIC "-//W3C//DTD XHTML 1.0 Transitional//EN"
    "http://www.w3.org/TR/xhtml1/DTD/xhtml1-transitional.dtd">
<html xmlns="http://www.w3.org/1999/xhtml" xml:lang="en" lang="en">
 <head>
  <title>
</title>
<meta http-equiv="Content-Type" content="text/html;charset=utf-8" />
  <meta name='ocr-system' content='tesseract 3.04.00' />
  <meta name='ocr-capabilities' content='ocr_page ocr_carea ocr_par ocr_line ocrx_word'/>
</head>
<body>
  <div class='ocr_page' id='page_1' title='image "./statutescollege01bondgoog_0027.png"; bbox 0 0 3014 4898; ppageno 0'>
   <div class='ocr_carea' id='block_1_1' title="bbox 210 218 1117 306">
    <p class='ocr_par' dir='ltr' id='par_1_1' title="bbox 210 218 1117 306">
     <span class='ocr_line' id='line_1_1' title="bbox 210 218 1117 306; baseline -0.01 -17"><span class='ocrx_word' id='word_1_1' title='bbox 210 225 254 289; x_wconf 73' lang='lat'>‘22</span> <span class='ocrx_word' id='word_1_2' title='bbox 459 221 596 291; x_wconf 71' lang='lat' dir='ltr'>staram</span> <span class='ocrx_word' id='word_1_3' title='bbox 610 218 716 306; x_wconf 80' lang='lat' dir='ltr'>osAIl</span> <span class='ocrx_word' id='word_1_4' title='bbox 730 220 822 288; x_wconf 77' lang='lat' dir='ltr'>soon</span> <span class='ocrx_word' id='word_1_5' title='bbox 841 219 966 306; x_wconf 74' lang='lat' dir='ltr'>Collepe,</span> <span class='ocrx_word' id='word_1_6' title='bbox 988 219 1117 306; x_wconf 80' lang='lat' dir='ltr'>Ocsord.</span> 
     </span>
    </p>
   </div>
   <div class='ocr_carea' id='block_1_2' title="bbox 14 390 1384 3497">
    <p class='ocr_par' dir='ltr' id='par_1_2' title="bbox 14 390 1384 3497">
     <span class='ocr_line' id='line_1_2' title="bbox 211 390 1369 479; baseline -0.003 -19"><span class='ocrx_word' id='word_1_7' title='bbox 211 395 325 460; x_wconf 82' lang='lat' dir='ltr'>fuerint</span> <span class='ocrx_word' id='word_1_8' title='bbox 340 395 492 457; x_wconf 84' lang='lat' dir='ltr'>duntaxat</span> <span class='ocrx_word' id='word_1_9' title='bbox 518 392 671 476; x_wconf 87' lang='lat' dir='ltr'>exceptis,</span> <span class='ocrx_word' id='word_1_10' title='bbox 687 413 745 476; x_wconf 92' lang='lat' dir='ltr'>per</span> <span class='ocrx_word' id='word_1_11' title='bbox 766 414 865 456; x_wconf 87' lang='lat' dir='ltr'>unum</span> <span class='ocrx_word' id='word_1_12' title='bbox 890 415 1005 454; x_wconf 90' lang='lat' dir='ltr'>annum</span> <span class='ocrx_word' id='word_1_13' title='bbox 1030 393 1065 455; x_wconf 91' lang='lat' dir='ltr'>in</span> <span class='ocrx_word' id='word_1_14' title='bbox 1089 393 1201 455; x_wconf 89' lang='lat' dir='ltr'>eodem</span> <span class='ocrx_word' id='word_1_15' title='bbox 1225 390 1369 479; x_wconf 84' lang='lat' dir='ltr'>Collegio</span> 
     </span>
     <span class='ocr_line' id='line_1_3' title="bbox 213 477 1369 565; baseline -0.005 -19"><span class='ocrx_word' id='word_1_16' title='bbox 213 491 299 548; x_wconf 84' lang='lat' dir='ltr'>stare</span> <span class='ocrx_word' id='word_1_17' title='bbox 315 481 460 545; x_wconf 86' lang='lat' dir='ltr'>volumus</span> <span class='ocrx_word' id='word_1_18' title='bbox 475 492 642 562; x_wconf 83' lang='lat' dir='ltr'>antequam</span> <span class='ocrx_word' id='word_1_19' title='bbox 659 479 691 540; x_wconf 92' lang='lat' dir='ltr'>in</span> <span class='ocrx_word' id='word_1_20' title='bbox 708 500 793 542; x_wconf 86' lang='lat' dir='ltr'>veros</span> <span class='ocrx_word' id='word_1_21' title='bbox 808 479 917 542; x_wconf 89' lang='lat' dir='ltr'>Socios</span> <span class='ocrx_word' id='word_1_22' title='bbox 940 477 1078 562; x_wconf 91' lang='lat' dir='ltr'>ejusdem</span> <span class='ocrx_word' id='word_1_23' title='bbox 1095 478 1233 565; x_wconf 85' lang='lat' dir='ltr'>Collegii</span> <span class='ocrx_word' id='word_1_24' title='bbox 1251 479 1369 542; x_wconf 88' lang='lat' dir='ltr'>admit-</span> 
     </span>
     <span class='ocr_line' id='line_1_4' title="bbox 213 565 1368 651; baseline -0.003 -19"><span class='ocrx_word' id='word_1_25' title='bbox 213 578 337 645; x_wconf 82' lang='lat' dir='ltr'>tantur3</span> <span class='ocrx_word' id='word_1_26' title='bbox 360 589 422 651; x_wconf 91' lang='lat' dir='ltr'>quo</span> <span class='ocrx_word' id='word_1_27' title='bbox 439 586 522 628; x_wconf 86' lang='lat' dir='ltr'>anno</span> <span class='ocrx_word' id='word_1_28' title='bbox 538 565 668 649; x_wconf 85' lang='lat' dir='ltr'>probari</span> <span class='ocrx_word' id='word_1_29' title='bbox 691 566 826 648; x_wconf 87' lang='lat' dir='ltr'>poterint.</span> <span class='ocrx_word' id='word_1_30' title='bbox 841 587 881 627; x_wconf 91' lang='lat' dir='ltr'>an</span> <span class='ocrx_word' id='word_1_31' title='bbox 900 565 1041 651; x_wconf 86' lang='lat' dir='ltr'>ingenio,</span> <span class='ocrx_word' id='word_1_32' title='bbox 1057 566 1236 649; x_wconf 82' lang='lat' dir='ltr'>capacitate</span> <span class='ocrx_word' id='word_1_33' title='bbox 1252 587 1368 644; x_wconf 89' lang='lat' dir='ltr'>sensns,</span> 
     </span>
     <span class='ocr_line' id='line_1_5' title="bbox 214 651 1369 737; baseline -0.003 -20"><span class='ocrx_word' id='word_1_34' title='bbox 214 655 365 723; x_wconf 91' lang='lat' dir='ltr'>moribus,</span> <span class='ocrx_word' id='word_1_35' title='bbox 380 651 617 715; x_wconf 90' lang='lat' dir='ltr'>conditionibus</span> <span class='ocrx_word' id='word_1_36' title='bbox 628 663 659 714; x_wconf 91' lang='lat' dir='ltr'>et</span> <span class='ocrx_word' id='word_1_37' title='bbox 673 651 817 731; x_wconf 88' lang='lat' dir='ltr'>scientia,</span> <span class='ocrx_word' id='word_1_38' title='bbox 827 651 919 737; x_wconf 83' lang='lat' dir='ltr'>digni</span> <span class='ocrx_word' id='word_1_39' title='bbox 933 653 1056 727; x_wconf 85' lang='lat' dir='ltr'>suerint,</span> <span class='ocrx_word' id='word_1_40' title='bbox 1070 651 1195 715; x_wconf 90' lang='lat' dir='ltr'>habiles</span> <span class='ocrx_word' id='word_1_41' title='bbox 1210 663 1239 714; x_wconf 91' lang='lat' dir='ltr'>et</span> <span class='ocrx_word' id='word_1_42' title='bbox 1252 651 1369 725; x_wconf 91' lang='lat' dir='ltr'>idonei,</span> 
     </span>
     <span class='ocr_line' id='line_1_6' title="bbox 215 737 1371 823; baseline -0.003 -20"><span class='ocrx_word' id='word_1_43' title='bbox 215 740 255 803; x_wconf 91' lang='lat' dir='ltr'>ad</span> <span class='ocrx_word' id='word_1_44' title='bbox 270 738 502 823; x_wconf 86' lang='lat' dir='ltr'>proficiendum</span> <span class='ocrx_word' id='word_1_45' title='bbox 527 738 562 800; x_wconf 91' lang='lat' dir='ltr'>iu</span> <span class='ocrx_word' id='word_1_46' title='bbox 585 737 691 800; x_wconf 90' lang='lat' dir='ltr'>studio</span> <span class='ocrx_word' id='word_1_47' title='bbox 716 738 915 810; x_wconf 88' lang='lat' dir='ltr'>scholastico,</span> <span class='ocrx_word' id='word_1_48' title='bbox 937 737 978 800; x_wconf 93' lang='lat' dir='ltr'>ad</span> <span class='ocrx_word' id='word_1_49' title='bbox 1002 737 1149 801; x_wconf 90' lang='lat' dir='ltr'>honorem</span> <span class='ocrx_word' id='word_1_50' title='bbox 1174 738 1317 800; x_wconf 77' lang='lat' dir='ltr'>ecclesiae</span> <span class='ocrx_word' id='word_1_51' title='bbox 1340 750 1371 799; x_wconf 91' lang='lat' dir='ltr'>et</span> 
     </span>
     <span class='ocr_line' id='line_1_7' title="bbox 14 823 1371 910; baseline -0.004 -18"><span class='ocrx_word' id='word_1_52' title='bbox 14 839 196 906; x_wconf 60' lang='lat' dir='ltr'>&gt;usurpato</span> <span class='ocrx_word' id='word_1_53' title='bbox 216 825 358 910; x_wconf 79' lang='lat' dir='ltr'>collegii</span> <span class='ocrx_word' id='word_1_54' title='bbox 387 823 576 908; x_wconf 82' lang='lat' dir='ltr'><strong>supradicti.</strong></span> <span class='ocrx_word' id='word_1_55' title='bbox 630 823 716 896; x_wconf 87' lang='lat' dir='ltr'>Quos</span> <span class='ocrx_word' id='word_1_56' title='bbox 745 825 853 895; x_wconf 89' lang='lat' dir='ltr'>etiam,</span> <span class='ocrx_word' id='word_1_57' title='bbox 880 846 987 887; x_wconf 91' lang='lat' dir='ltr'>omnes</span> <span class='ocrx_word' id='word_1_58' title='bbox 1015 835 1046 887; x_wconf 87' lang='lat' dir='ltr'>et</span> <span class='ocrx_word' id='word_1_59' title='bbox 1069 824 1216 910; x_wconf 86' lang='lat' dir='ltr'>singulos,</span> <span class='ocrx_word' id='word_1_60' title='bbox 1239 825 1371 888; x_wconf 83' lang='lat' dir='ltr'>durante</span> 
     </span>
     <span class='ocr_line' id='line_1_8' title="bbox 14 907 1371 996; baseline -0.002 -21"><span class='ocrx_word' id='word_1_61' title='bbox 14 909 90 958; x_wconf 48' lang='lat'>³⁰¹¹&amp;</span> <span class='ocrx_word' id='word_1_62' title='bbox 103 907 132 956; x_wconf 54' lang='grc' dir='ltr'>θ’</span> <span class='ocrx_word' id='word_1_63' title='bbox 217 934 295 975; x_wconf 81' lang='lat' dir='ltr'>antro</span> <span class='ocrx_word' id='word_1_64' title='bbox 318 910 515 996; x_wconf 84' lang='lat' dir='ltr'>probationis</span> <span class='ocrx_word' id='word_1_65' title='bbox 535 933 600 974; x_wconf 75' lang='lat' dir='ltr'>sura</span> <span class='ocrx_word' id='word_1_66' title='bbox 621 909 780 994; x_wconf 75' lang='lat' dir='ltr'>praedicto,</span> <span class='ocrx_word' id='word_1_67' title='bbox 804 910 963 974; x_wconf 84' lang='lat' dir='ltr'><strong>scholares</strong></span> <span class='ocrx_word' id='word_1_68' title='bbox 987 910 1067 973; x_wconf 90' lang='lat' dir='ltr'>dicti</span> <span class='ocrx_word' id='word_1_69' title='bbox 1082 910 1234 995; x_wconf 78' lang='lat' dir='ltr'>collegii,</span> <span class='ocrx_word' id='word_1_70' title='bbox 1258 922 1288 974; x_wconf 87' lang='lat' dir='ltr'>et</span> <span class='ocrx_word' id='word_1_71' title='bbox 1311 932 1371 973; x_wconf 92' lang='lat' dir='ltr'>non</span> 
     </span>
     <span class='ocr_line' id='line_1_9' title="bbox 14 968 1372 1088; baseline -0.002 -25"><span class='ocrx_word' id='word_1_72' title='bbox 14 968 187 1088; x_wconf 48' lang='lat' dir='ltr'>ssifflgxd</span> <span class='ocrx_word' id='word_1_73' title='bbox 220 997 343 1077; x_wconf 87' lang='lat' dir='ltr'>Socios,</span> <span class='ocrx_word' id='word_1_74' title='bbox 359 997 482 1082; x_wconf 89' lang='lat' dir='ltr'>quoties</span> <span class='ocrx_word' id='word_1_75' title='bbox 502 996 542 1060; x_wconf 87' lang='lat' dir='ltr'>de</span> <span class='ocrx_word' id='word_1_76' title='bbox 558 995 753 1060; x_wconf 82' lang='lat' dir='ltr'>scholaribus</span> <span class='ocrx_word' id='word_1_77' title='bbox 776 996 810 1059; x_wconf 90' lang='lat' dir='ltr'>in</span> <span class='ocrx_word' id='word_1_78' title='bbox 827 997 942 1060; x_wconf 89' lang='lat' dir='ltr'>nostris</span> <span class='ocrx_word' id='word_1_79' title='bbox 956 997 1084 1060; x_wconf 87' lang='lat' dir='ltr'>statutis</span> <span class='ocrx_word' id='word_1_80' title='bbox 1108 996 1237 1061; x_wconf 77' lang='lat' dir='ltr'>interius</span> <span class='ocrx_word' id='word_1_81' title='bbox 1252 997 1303 1059; x_wconf 91' lang='lat' dir='ltr'>vel</span> <span class='ocrx_word' id='word_1_82' title='bbox 1321 1019 1372 1060; x_wconf 89' lang='lat' dir='ltr'>su·</span> 
     </span>
     <span class='ocr_line' id='line_1_10' title="bbox 220 1083 1371 1171; baseline -0.001 -25"><span class='ocrx_word' id='word_1_83' title='bbox 220 1085 328 1171; x_wconf 91' lang='lat' dir='ltr'>perius</span> <span class='ocrx_word' id='word_1_84' title='bbox 344 1085 387 1147; x_wconf 90' lang='lat' dir='ltr'>sit</span> <span class='ocrx_word' id='word_1_85' title='bbox 401 1083 531 1160; x_wconf 90' lang='lat' dir='ltr'>mentio,</span> <span class='ocrx_word' id='word_1_86' title='bbox 543 1083 685 1145; x_wconf 91' lang='lat' dir='ltr'>volumus</span> <span class='ocrx_word' id='word_1_87' title='bbox 697 1084 887 1166; x_wconf 89' lang='lat' dir='ltr'>nuncupari,</span> <span class='ocrx_word' id='word_1_88' title='bbox 903 1105 941 1144; x_wconf 89' lang='lat' dir='ltr'>ac</span> <span class='ocrx_word' id='word_1_89' title='bbox 957 1084 1004 1146; x_wconf 85' lang='lat' dir='ltr'>sic</span> <span class='ocrx_word' id='word_1_90' title='bbox 1020 1083 1217 1147; x_wconf 83' lang='lat' dir='ltr'>declaramus</span> <span class='ocrx_word' id='word_1_91' title='bbox 1229 1083 1371 1169; x_wconf 84' lang='lat' dir='ltr'>intelligi</span> 
     </span>
     <span class='ocr_line' id='line_1_11' title="bbox 220 1169 1373 1254; baseline -0.002 -22"><span class='ocrx_word' id='word_1_92' title='bbox 220 1171 331 1235; x_wconf 87' lang='lat' dir='ltr'>debere</span> <span class='ocrx_word' id='word_1_93' title='bbox 355 1171 393 1233; x_wconf 90' lang='lat' dir='ltr'>de</span> <span class='ocrx_word' id='word_1_94' title='bbox 418 1170 549 1232; x_wconf 89' lang='lat' dir='ltr'>eisdem.</span> <span class='ocrx_word' id='word_1_95' title='bbox 595 1169 691 1245; x_wconf 86' lang='lat' dir='ltr'>Quos,</span> <span class='ocrx_word' id='word_1_96' title='bbox 716 1170 852 1254; x_wconf 81' lang='lat' dir='ltr'>insuper,</span> <span class='ocrx_word' id='word_1_97' title='bbox 868 1169 949 1231; x_wconf 86' lang='lat' dir='ltr'>infra</span> <span class='ocrx_word' id='word_1_98' title='bbox 974 1170 1095 1232; x_wconf 93' lang='lat' dir='ltr'>dictum</span> <span class='ocrx_word' id='word_1_99' title='bbox 1123 1192 1239 1232; x_wconf 90' lang='lat' dir='ltr'>armum</span> <span class='ocrx_word' id='word_1_100' title='bbox 1255 1170 1373 1253; x_wconf 89' lang='lat' dir='ltr'>proba-</span> 
     </span>
     <span class='ocr_line' id='line_1_12' title="bbox 220 1254 1373 1339; baseline 0 -21"><span class='ocrx_word' id='word_1_101' title='bbox 220 1257 318 1319; x_wconf 84' lang='lat' dir='ltr'>tionis</span> <span class='ocrx_word' id='word_1_102' title='bbox 333 1278 398 1319; x_wconf 83' lang='lat' dir='ltr'>suae</span> <span class='ocrx_word' id='word_1_103' title='bbox 413 1256 592 1327; x_wconf 83' lang='lat' dir='ltr'>existentes,</span> <span class='ocrx_word' id='word_1_104' title='bbox 607 1254 749 1317; x_wconf 88' lang='lat' dir='ltr'>consiliis</span> <span class='ocrx_word' id='word_1_105' title='bbox 765 1256 919 1332; x_wconf 88' lang='lat' dir='ltr'>interesse,</span> <span class='ocrx_word' id='word_1_106' title='bbox 936 1270 990 1319; x_wconf 87' lang='lat' dir='ltr'>aut</span> <span class='ocrx_word' id='word_1_107' title='bbox 1012 1255 1118 1319; x_wconf 90' lang='lat' dir='ltr'>officia</span> <span class='ocrx_word' id='word_1_108' title='bbox 1140 1255 1245 1338; x_wconf 83' lang='lat' dir='ltr'>aliqua</span> <span class='ocrx_word' id='word_1_109' title='bbox 1267 1256 1373 1339; x_wconf 90' lang='lat' dir='ltr'>ipsius</span> 
     </span>
     <span class='ocr_line' id='line_1_13' title="bbox 14 1341 1374 1442; baseline -0.002 -35"><span class='ocrx_word' id='word_1_110' title='bbox 14 1349 184 1399; x_wconf 61' lang='lat' dir='ltr'>Admittunt·</span> <span class='ocrx_word' id='word_1_111' title='bbox 221 1343 362 1430; x_wconf 84' lang='lat' dir='ltr'>Collegii</span> <span class='ocrx_word' id='word_1_112' title='bbox 386 1364 490 1442; x_wconf 75' lang='lat' dir='ltr'>gerere</span> <span class='ocrx_word' id='word_1_113' title='bbox 514 1341 561 1403; x_wconf 91' lang='lat' dir='ltr'>vel</span> <span class='ocrx_word' id='word_1_114' title='bbox 582 1363 736 1415; x_wconf 87' lang='lat' dir='ltr'>exercere,</span> <span class='ocrx_word' id='word_1_115' title='bbox 759 1341 905 1404; x_wconf 90' lang='lat' dir='ltr'>volumus</span> <span class='ocrx_word' id='word_1_116' title='bbox 930 1342 1147 1426; x_wconf 86' lang='lat' dir='ltr'>quovismodo.</span> <span class='ocrx_word' id='word_1_117' title='bbox 1192 1342 1287 1406; x_wconf 88' lang='lat' dir='ltr'>Dicto</span> <span class='ocrx_word' id='word_1_118' title='bbox 1303 1364 1374 1405; x_wconf 90' lang='lat' dir='ltr'>vero</span> 
     </span>
     <span class='ocr_line' id='line_1_14' title="bbox 14 1415 1374 1513; baseline -0.001 -21"><span class='ocrx_word' id='word_1_119' title='bbox 14 1415 120 1467; x_wconf 57' lang='lat' dir='ltr'>mm</span> <span class='ocrx_word' id='word_1_120' title='bbox 221 1429 421 1513; x_wconf 89' lang='lat' dir='ltr'>probationrs</span> <span class='ocrx_word' id='word_1_121' title='bbox 444 1449 525 1490; x_wconf 91' lang='lat' dir='ltr'>anno</span> <span class='ocrx_word' id='word_1_122' title='bbox 549 1448 604 1511; x_wconf 91' lang='lat' dir='ltr'>per</span> <span class='ocrx_word' id='word_1_123' title='bbox 627 1427 765 1510; x_wconf 84' lang='lat' dir='ltr'>aliquem</span> <span class='ocrx_word' id='word_1_124' title='bbox 788 1428 959 1491; x_wconf 90' lang='lat' dir='ltr'>eorundem</span> <span class='ocrx_word' id='word_1_125' title='bbox 984 1428 1178 1494; x_wconf 88' lang='lat' dir='ltr'>scholarium</span> <span class='ocrx_word' id='word_1_126' title='bbox 1206 1427 1374 1511; x_wconf 85' lang='lat' dir='ltr'>completo,</span> 
     </span>
     <span class='ocr_line' id='line_1_15' title="bbox 222 1513 1373 1599; baseline -0.003 -20"><span class='ocrx_word' id='word_1_127' title='bbox 222 1514 405 1579; x_wconf 86' lang='lat' dir='ltr'>convocatis</span> <span class='ocrx_word' id='word_1_128' title='bbox 431 1536 489 1598; x_wconf 89' lang='lat' dir='ltr'>per</span> <span class='ocrx_word' id='word_1_129' title='bbox 515 1513 698 1586; x_wconf 88' lang='lat' dir='ltr'>Custodem,</span> <span class='ocrx_word' id='word_1_130' title='bbox 725 1515 776 1578; x_wconf 90' lang='lat' dir='ltr'>vel</span> <span class='ocrx_word' id='word_1_131' title='bbox 801 1515 837 1577; x_wconf 92' lang='lat' dir='ltr'>in</span> <span class='ocrx_word' id='word_1_132' title='bbox 859 1513 927 1599; x_wconf 89' lang='lat' dir='ltr'>ejus</span> <span class='ocrx_word' id='word_1_133' title='bbox 951 1515 1094 1579; x_wconf 88' lang='lat' dir='ltr'>absentia</span> <span class='ocrx_word' id='word_1_134' title='bbox 1115 1514 1373 1586; x_wconf 86' lang='lat' dir='ltr'>Vicecustodem,</span> 
     </span>
     <span class='ocr_line' id='line_1_16' title="bbox 221 1599 1376 1688; baseline -0.004 -21"><span class='ocrx_word' id='word_1_135' title='bbox 221 1602 368 1668; x_wconf 90' lang='lat' dir='ltr'>omnibus</span> <span class='ocrx_word' id='word_1_136' title='bbox 392 1611 423 1662; x_wconf 89' lang='lat' dir='ltr'>et</span> <span class='ocrx_word' id='word_1_137' title='bbox 447 1600 583 1685; x_wconf 84' lang='lat' dir='ltr'>singulis</span> <span class='ocrx_word' id='word_1_138' title='bbox 606 1601 711 1663; x_wconf 88' lang='lat' dir='ltr'>Sociis</span> <span class='ocrx_word' id='word_1_139' title='bbox 734 1601 840 1685; x_wconf 89' lang='lat' dir='ltr'>ipsius</span> <span class='ocrx_word' id='word_1_140' title='bbox 856 1600 996 1688; x_wconf 87' lang='lat' dir='ltr'>Collegii</span> <span class='ocrx_word' id='word_1_141' title='bbox 1021 1613 1096 1664; x_wconf 90' lang='lat' dir='ltr'>tnnc</span> <span class='ocrx_word' id='word_1_142' title='bbox 1112 1601 1146 1663; x_wconf 95' lang='lat' dir='ltr'>in</span> <span class='ocrx_word' id='word_1_143' title='bbox 1160 1599 1376 1664; x_wconf 88' lang='lat' dir='ltr'>Universitate</span> 
     </span>
     <span class='ocr_line' id='line_1_17' title="bbox 222 1684 1377 1772; baseline -0.002 -21"><span class='ocrx_word' id='word_1_144' title='bbox 222 1687 438 1772; x_wconf 68' lang='lat' dir='ltr'>presentibus,</span> <span class='ocrx_word' id='word_1_145' title='bbox 453 1686 540 1749; x_wconf 90' lang='lat' dir='ltr'>idem</span> <span class='ocrx_word' id='word_1_146' title='bbox 551 1686 682 1752; x_wconf 83' lang='lat' dir='ltr'>Custos.</span> <span class='ocrx_word' id='word_1_147' title='bbox 698 1687 726 1750; x_wconf 92' lang='lat' dir='ltr'>si</span> <span class='ocrx_word' id='word_1_148' title='bbox 750 1709 889 1770; x_wconf 68' lang='lat' dir='ltr'>praesens</span> <span class='ocrx_word' id='word_1_149' title='bbox 914 1689 966 1760; x_wconf 91' lang='lat' dir='ltr'>sit,</span> <span class='ocrx_word' id='word_1_150' title='bbox 988 1687 1038 1750; x_wconf 88' lang='lat' dir='ltr'>vel</span> <span class='ocrx_word' id='word_1_151' title='bbox 1054 1684 1239 1750; x_wconf 89' lang='lat' dir='ltr'>Vicecustos</span> <span class='ocrx_word' id='word_1_152' title='bbox 1261 1709 1298 1749; x_wconf 92' lang='lat' dir='ltr'>eo</span> <span class='ocrx_word' id='word_1_153' title='bbox 1322 1687 1377 1749; x_wconf 88' lang='lat' dir='ltr'>ab·</span> 
     </span>
     <span class='ocr_line' id='line_1_18' title="bbox 224 1771 1377 1859; baseline -0.003 -21"><span class='ocrx_word' id='word_1_154' title='bbox 224 1786 320 1846; x_wconf 86' lang='lat' dir='ltr'>sente,</span> <span class='ocrx_word' id='word_1_155' title='bbox 330 1785 404 1836; x_wconf 91' lang='lat' dir='ltr'>vota</span> <span class='ocrx_word' id='word_1_156' title='bbox 425 1773 570 1836; x_wconf 90' lang='lat' dir='ltr'>omnium</span> <span class='ocrx_word' id='word_1_157' title='bbox 595 1784 625 1832; x_wconf 91' lang='lat' dir='ltr'>et</span> <span class='ocrx_word' id='word_1_158' title='bbox 650 1771 846 1859; x_wconf 86' lang='lat' dir='ltr'>singulorum</span> <span class='ocrx_word' id='word_1_159' title='bbox 864 1771 1029 1837; x_wconf 87' lang='lat' dir='ltr'>Sociorum</span> <span class='ocrx_word' id='word_1_160' title='bbox 1050 1774 1272 1857; x_wconf 71' lang='lat' dir='ltr'>praedictorum</span> <span class='ocrx_word' id='word_1_161' title='bbox 1296 1795 1377 1856; x_wconf 88' lang='lat' dir='ltr'>prae-</span> 
     </span>
     <span class='ocr_line' id='line_1_19' title="bbox 224 1858 1378 1944; baseline -0.002 -21"><span class='ocrx_word' id='word_1_162' title='bbox 224 1861 369 1939; x_wconf 85' lang='lat' dir='ltr'>sentium,</span> <span class='ocrx_word' id='word_1_163' title='bbox 385 1859 493 1943; x_wconf 91' lang='lat' dir='ltr'>palam</span> <span class='ocrx_word' id='word_1_164' title='bbox 511 1870 541 1922; x_wconf 90' lang='lat' dir='ltr'>et</span> <span class='ocrx_word' id='word_1_165' title='bbox 555 1858 692 1944; x_wconf 88' lang='lat' dir='ltr'>publice,</span> <span class='ocrx_word' id='word_1_166' title='bbox 709 1881 767 1943; x_wconf 93' lang='lat' dir='ltr'>pro</span> <span class='ocrx_word' id='word_1_167' title='bbox 784 1860 923 1943; x_wconf 91' lang='lat' dir='ltr'>quolibet</span> <span class='ocrx_word' id='word_1_168' title='bbox 941 1861 1098 1924; x_wconf 91' lang='lat' dir='ltr'>dictorum</span> <span class='ocrx_word' id='word_1_169' title='bbox 1114 1858 1306 1923; x_wconf 89' lang='lat' dir='ltr'>scholarium</span> <span class='ocrx_word' id='word_1_170' title='bbox 1321 1858 1378 1942; x_wconf 93' lang='lat' dir='ltr'>qui</span> 
     </span>
     <span class='ocr_line' id='line_1_20' title="bbox 224 1945 1377 2045; baseline -0.002 -36"><span class='ocrx_word' id='word_1_171' title='bbox 224 1945 417 2045; x_wconf 86' lang='lat' dir='ltr'>probationis</span> <span class='ocrx_word' id='word_1_172' title='bbox 446 1966 563 2008; x_wconf 89' lang='lat' dir='ltr'>annum</span> <span class='ocrx_word' id='word_1_173' title='bbox 592 1945 795 2030; x_wconf 80' lang='lat' dir='ltr'>compleverit</span> <span class='ocrx_word' id='word_1_174' title='bbox 822 1958 1029 2010; x_wconf 88' lang='lat' dir='ltr'>memoratum</span> <span class='ocrx_word' id='word_1_175' title='bbox 1060 1946 1218 2028; x_wconf 85' lang='lat' dir='ltr'>inquirat3</span> <span class='ocrx_word' id='word_1_176' title='bbox 1254 1956 1284 2008; x_wconf 90' lang='lat' dir='ltr'>et</span> <span class='ocrx_word' id='word_1_177' title='bbox 1311 1945 1377 2027; x_wconf 92' lang='lat' dir='ltr'>qui,</span> 
     </span>
     <span class='ocr_line' id='line_1_21' title="bbox 221 2031 1379 2118; baseline -0.001 -22"><span class='ocrx_word' id='word_1_178' title='bbox 221 2042 315 2118; x_wconf 81' lang='lat' dir='ltr'>Juxta</span> <span class='ocrx_word' id='word_1_179' title='bbox 329 2031 565 2105; x_wconf 90' lang='lat' dir='ltr'>conscientiam,</span> <span class='ocrx_word' id='word_1_180' title='bbox 587 2032 808 2095; x_wconf 87' lang='lat' dir='ltr'>discretionem</span> <span class='ocrx_word' id='word_1_181' title='bbox 831 2045 862 2095; x_wconf 88' lang='lat' dir='ltr'>et</span> <span class='ocrx_word' id='word_1_182' title='bbox 881 2031 1042 2116; x_wconf 91' lang='lat' dir='ltr'>judicium</span> <span class='ocrx_word' id='word_1_183' title='bbox 1062 2033 1165 2116; x_wconf 86' lang='lat' dir='ltr'>ipsius</span> <span class='ocrx_word' id='word_1_184' title='bbox 1178 2032 1329 2096; x_wconf 81' lang='lat' dir='ltr'>custodis</span> <span class='ocrx_word' id='word_1_185' title='bbox 1347 2040 1379 2095; x_wconf 86' lang='lat' dir='ltr'>et</span> 
     </span>
     <span class='ocr_line' id='line_1_22' title="bbox 226 2116 1378 2203; baseline -0.004 -20"><span class='ocrx_word' id='word_1_186' title='bbox 226 2116 357 2203; x_wconf 90' lang='lat' dir='ltr'>majoris</span> <span class='ocrx_word' id='word_1_187' title='bbox 408 2117 487 2180; x_wconf 86' lang='lat' dir='ltr'>artis</span> <span class='ocrx_word' id='word_1_188' title='bbox 502 2117 668 2181; x_wconf 89' lang='lat' dir='ltr'>Sociorum</span> <span class='ocrx_word' id='word_1_189' title='bbox 692 2118 913 2201; x_wconf 65' lang='lat' dir='ltr'>praedictorum</span> <span class='ocrx_word' id='word_1_190' title='bbox 937 2120 1155 2202; x_wconf 78' lang='lat' dir='ltr'>praesentium,</span> <span class='ocrx_word' id='word_1_191' title='bbox 1173 2141 1229 2181; x_wconf 89' lang='lat' dir='ltr'>sen</span> <span class='ocrx_word' id='word_1_192' title='bbox 1254 2119 1287 2181; x_wconf 92' lang='lat' dir='ltr'>in</span> <span class='ocrx_word' id='word_1_193' title='bbox 1309 2116 1378 2201; x_wconf 90' lang='lat' dir='ltr'>ejus</span> 
     </span>
     <span class='ocr_line' id='line_1_23' title="bbox 226 2141 1379 2288; baseline -0.003 -19"><span class='ocrx_word' id='word_1_194' title='bbox 226 2205 366 2269; x_wconf 88' lang='lat' dir='ltr'>absentia</span> <span class='ocrx_word' id='word_1_195' title='bbox 376 2141 598 2267; x_wconf 68' lang='lat' dir='ltr'>ilicecustodis</span> <span class='ocrx_word' id='word_1_196' title='bbox 622 2215 655 2266; x_wconf 88' lang='lat' dir='ltr'>et</span> <span class='ocrx_word' id='word_1_197' title='bbox 678 2202 811 2288; x_wconf 88' lang='lat' dir='ltr'>majoris</span> <span class='ocrx_word' id='word_1_198' title='bbox 826 2206 926 2288; x_wconf 91' lang='lat' dir='ltr'>partis</span> <span class='ocrx_word' id='word_1_199' title='bbox 941 2206 1110 2288; x_wconf 72' lang='lat' dir='ltr'>praedictae,</span> <span class='ocrx_word' id='word_1_200' title='bbox 1134 2216 1276 2288; x_wconf 88' lang='lat' dir='ltr'>repertus</span> <span class='ocrx_word' id='word_1_201' title='bbox 1287 2203 1379 2266; x_wconf 88' lang='lat' dir='ltr'>fuerit</span> 
     </span>
     <span class='ocr_line' id='line_1_24' title="bbox 225 2289 1380 2377; baseline -0.003 -22"><span class='ocrx_word' id='word_1_202' title='bbox 225 2290 355 2364; x_wconf 87' lang='lat' dir='ltr'>habilis,</span> <span class='ocrx_word' id='word_1_203' title='bbox 379 2291 536 2354; x_wconf 87' lang='lat' dir='ltr'>sufficiens</span> <span class='ocrx_word' id='word_1_204' title='bbox 559 2302 589 2352; x_wconf 89' lang='lat' dir='ltr'>et</span> <span class='ocrx_word' id='word_1_205' title='bbox 616 2291 757 2367; x_wconf 88' lang='lat' dir='ltr'>idoneus,</span> <span class='ocrx_word' id='word_1_206' title='bbox 774 2313 809 2355; x_wconf 91' lang='lat' dir='ltr'>eo</span> <span class='ocrx_word' id='word_1_207' title='bbox 830 2291 903 2377; x_wconf 87' lang='lat' dir='ltr'>ipso</span> <span class='ocrx_word' id='word_1_208' title='bbox 929 2315 987 2376; x_wconf 89' lang='lat' dir='ltr'>pro</span> <span class='ocrx_word' id='word_1_209' title='bbox 1008 2313 1080 2355; x_wconf 91' lang='lat' dir='ltr'>vero</span> <span class='ocrx_word' id='word_1_210' title='bbox 1095 2290 1187 2355; x_wconf 90' lang='lat' dir='ltr'>Socio</span> <span class='ocrx_word' id='word_1_211' title='bbox 1208 2291 1291 2354; x_wconf 88' lang='lat' dir='ltr'>dicti</span> <span class='ocrx_word' id='word_1_212' title='bbox 1307 2289 1380 2356; x_wconf 84' lang='lat' dir='ltr'>Col·</span> 
     </span>
     <span class='ocr_line' id='line_1_25' title="bbox 226 2376 1380 2465; baseline -0.003 -24"><span class='ocrx_word' id='word_1_213' title='bbox 226 2377 305 2465; x_wconf 83' lang='lat' dir='ltr'>legii</span> <span class='ocrx_word' id='word_1_214' title='bbox 328 2376 479 2441; x_wconf 86' lang='lat' dir='ltr'>habeatur</span> <span class='ocrx_word' id='word_1_215' title='bbox 500 2389 531 2441; x_wconf 92' lang='lat' dir='ltr'>et</span> <span class='ocrx_word' id='word_1_216' title='bbox 556 2377 655 2440; x_wconf 88' lang='lat' dir='ltr'>etiam</span> <span class='ocrx_word' id='word_1_217' title='bbox 679 2377 870 2442; x_wconf 85' lang='lat' dir='ltr'>admittatur.</span> <span class='ocrx_word' id='word_1_218' title='bbox 918 2377 1049 2443; x_wconf 89' lang='lat' dir='ltr'>Proviso</span> <span class='ocrx_word' id='word_1_219' title='bbox 1075 2399 1209 2462; x_wconf 87' lang='lat' dir='ltr'>semper,</span> <span class='ocrx_word' id='word_1_220' title='bbox 1232 2377 1326 2461; x_wconf 92' lang='lat' dir='ltr'>quod,</span> <span class='ocrx_word' id='word_1_221' title='bbox 1346 2377 1380 2438; x_wconf 92' lang='lat' dir='ltr'>in</span> 
     </span>
     <span class='ocr_line' id='line_1_26' title="bbox 227 2464 1380 2549; baseline -0.004 -20"><span class='ocrx_word' id='word_1_222' title='bbox 227 2464 316 2529; x_wconf 92' lang='lat' dir='ltr'>omui</span> <span class='ocrx_word' id='word_1_223' title='bbox 330 2464 483 2528; x_wconf 85' lang='lat' dir='ltr'>electione</span> <span class='ocrx_word' id='word_1_224' title='bbox 493 2485 548 2528; x_wconf 91' lang='lat' dir='ltr'>sen</span> <span class='ocrx_word' id='word_1_225' title='bbox 568 2464 783 2547; x_wconf 89' lang='lat' dir='ltr'>assumptione</span> <span class='ocrx_word' id='word_1_226' title='bbox 797 2464 988 2528; x_wconf 87' lang='lat' dir='ltr'>scholarium</span> <span class='ocrx_word' id='word_1_227' title='bbox 1004 2465 1224 2549; x_wconf 75' lang='lat' dir='ltr'>praedictorum</span> <span class='ocrx_word' id='word_1_228' title='bbox 1239 2464 1273 2526; x_wconf 93' lang='lat' dir='ltr'>in</span> <span class='ocrx_word' id='word_1_229' title='bbox 1288 2486 1380 2526; x_wconf 90' lang='lat' dir='ltr'>veros</span> 
     </span>
     <span class='ocr_line' id='line_1_27' title="bbox 228 2549 1381 2635; baseline -0.002 -23"><span class='ocrx_word' id='word_1_230' title='bbox 228 2551 343 2614; x_wconf 88' lang='lat' dir='ltr'>Socios</span> <span class='ocrx_word' id='word_1_231' title='bbox 360 2549 503 2635; x_wconf 79' lang='lat' dir='ltr'>collegii</span> <span class='ocrx_word' id='word_1_232' title='bbox 526 2551 700 2622; x_wconf 89' lang='lat' dir='ltr'>memorati,</span> <span class='ocrx_word' id='word_1_233' title='bbox 720 2563 754 2614; x_wconf 92' lang='lat' dir='ltr'>ut</span> <span class='ocrx_word' id='word_1_234' title='bbox 775 2551 985 2634; x_wconf 80' lang='lat' dir='ltr'>praemittitur,</span> <span class='ocrx_word' id='word_1_235' title='bbox 1001 2550 1154 2628; x_wconf 84' lang='lat' dir='ltr'>facienda,</span> <span class='ocrx_word' id='word_1_236' title='bbox 1170 2550 1276 2612; x_wconf 89' lang='lat' dir='ltr'>nullus</span> <span class='ocrx_word' id='word_1_237' title='bbox 1299 2549 1381 2610; x_wconf 89' lang='lat' dir='ltr'>alius</span> 
     </span>
     <span class='ocr_line' id='line_1_28' title="bbox 229 2634 1379 2720; baseline -0.003 -20"><span class='ocrx_word' id='word_1_238' title='bbox 229 2659 286 2720; x_wconf 88' lang='lat' dir='ltr'>pro</span> <span class='ocrx_word' id='word_1_239' title='bbox 311 2637 409 2698; x_wconf 90' lang='lat' dir='ltr'>electo</span> <span class='ocrx_word' id='word_1_240' title='bbox 428 2643 477 2697; x_wconf 86' lang='lat' dir='ltr'>vet</span> <span class='ocrx_word' id='word_1_241' title='bbox 501 2646 668 2718; x_wconf 89' lang='lat' dir='ltr'>assumpto</span> <span class='ocrx_word' id='word_1_242' title='bbox 689 2634 871 2718; x_wconf 87' lang='lat' dir='ltr'>hujusmodi</span> <span class='ocrx_word' id='word_1_243' title='bbox 896 2639 1055 2715; x_wconf 89' lang='lat' dir='ltr'>habeatur,</span> <span class='ocrx_word' id='word_1_244' title='bbox 1071 2636 1136 2698; x_wconf 90' lang='lat' dir='ltr'>nisi</span> <span class='ocrx_word' id='word_1_245' title='bbox 1161 2634 1218 2698; x_wconf 91' lang='lat' dir='ltr'>ille</span> <span class='ocrx_word' id='word_1_246' title='bbox 1237 2634 1272 2696; x_wconf 95' lang='lat' dir='ltr'>in</span> <span class='ocrx_word' id='word_1_247' title='bbox 1287 2658 1379 2716; x_wconf 91' lang='lat' dir='ltr'>quem</span> 
     </span>
     <span class='ocr_line' id='line_1_29' title="bbox 229 2718 1380 2804; baseline -0.003 -18"><span class='ocrx_word' id='word_1_248' title='bbox 229 2721 348 2786; x_wconf 85' lang='lat' dir='ltr'>Custos</span> <span class='ocrx_word' id='word_1_249' title='bbox 362 2731 394 2783; x_wconf 91' lang='lat' dir='ltr'>et</span> <span class='ocrx_word' id='word_1_250' title='bbox 408 2718 508 2803; x_wconf 89' lang='lat' dir='ltr'>major</span> <span class='ocrx_word' id='word_1_251' title='bbox 529 2742 603 2802; x_wconf 88' lang='lat' dir='ltr'>pars</span> <span class='ocrx_word' id='word_1_252' title='bbox 621 2719 808 2804; x_wconf 87' lang='lat' dir='ltr'>juristarum</span> <span class='ocrx_word' id='word_1_253' title='bbox 833 2746 870 2787; x_wconf 90' lang='lat' dir='ltr'>ac</span> <span class='ocrx_word' id='word_1_254' title='bbox 888 2725 985 2786; x_wconf 89' lang='lat' dir='ltr'>etiam</span> <span class='ocrx_word' id='word_1_255' title='bbox 1005 2722 1197 2796; x_wconf 88' lang='lat' dir='ltr'>artistarum,</span> <span class='ocrx_word' id='word_1_256' title='bbox 1216 2721 1380 2783; x_wconf 89' lang='lat' dir='ltr'>Sociorum</span> 
     </span>
     <span class='ocr_line' id='line_1_30' title="bbox 230 2803 1381 2893; baseline -0.002 -23"><span class='ocrx_word' id='word_1_257' title='bbox 230 2807 312 2870; x_wconf 93' lang='lat' dir='ltr'>dicti</span> <span class='ocrx_word' id='word_1_258' title='bbox 327 2805 474 2888; x_wconf 78' lang='lat' dir='ltr'>collegii,</span> <span class='ocrx_word' id='word_1_259' title='bbox 500 2815 575 2868; x_wconf 98' lang='grc' dir='ltr'>ωηο</span> <span class='ocrx_word' id='word_1_260' title='bbox 597 2805 632 2867; x_wconf 89' lang='lat' dir='ltr'>in</span> <span class='ocrx_word' id='word_1_261' title='bbox 655 2803 868 2871; x_wconf 88' lang='lat' dir='ltr'>Universitate</span> <span class='ocrx_word' id='word_1_262' title='bbox 887 2810 1101 2893; x_wconf 68' lang='lat' dir='ltr'>praesentium,</span> <span class='ocrx_word' id='word_1_263' title='bbox 1123 2819 1156 2870; x_wconf 87' lang='lat' dir='ltr'>et</span> <span class='ocrx_word' id='word_1_264' title='bbox 1179 2808 1215 2870; x_wconf 88' lang='lat' dir='ltr'>iu</span> <span class='ocrx_word' id='word_1_265' title='bbox 1230 2830 1334 2891; x_wconf 87' lang='lat' dir='ltr'>quem,</span> <span class='ocrx_word' id='word_1_266' title='bbox 1351 2807 1381 2869; x_wconf 88' lang='lat' dir='ltr'>si</span> 
     </span>
     <span class='ocr_line' id='line_1_31' title="bbox 229 2891 1382 2977; baseline -0.002 -21"><span class='ocrx_word' id='word_1_267' title='bbox 229 2893 340 2956; x_wconf 87' lang='lat' dir='ltr'>artista</span> <span class='ocrx_word' id='word_1_268' title='bbox 356 2903 412 2970; x_wconf 84' lang='lat' dir='ltr'>est,</span> <span class='ocrx_word' id='word_1_269' title='bbox 426 2891 543 2956; x_wconf 87' lang='lat' dir='ltr'>Custos</span> <span class='ocrx_word' id='word_1_270' title='bbox 557 2902 587 2955; x_wconf 88' lang='lat' dir='ltr'>et</span> <span class='ocrx_word' id='word_1_271' title='bbox 601 2893 672 2954; x_wconf 82' lang='lat' dir='ltr'>duoe</span> <span class='ocrx_word' id='word_1_272' title='bbox 687 2907 790 2977; x_wconf 88' lang='lat' dir='ltr'>partes</span> <span class='ocrx_word' id='word_1_273' title='bbox 805 2897 948 2958; x_wconf 90' lang='lat' dir='ltr'>omnium</span> <span class='ocrx_word' id='word_1_274' title='bbox 964 2896 1128 2959; x_wconf 88' lang='lat' dir='ltr'>Sociorum</span> <span class='ocrx_word' id='word_1_275' title='bbox 1144 2896 1335 2972; x_wconf 88' lang='lat' dir='ltr'>artistarum,</span> <span class='ocrx_word' id='word_1_276' title='bbox 1353 2894 1382 2955; x_wconf 93' lang='lat' dir='ltr'>si</span> 
     </span>
     <span class='ocr_line' id='line_1_32' title="bbox 230 2977 1380 3065; baseline 0.003 -26"><span class='ocrx_word' id='word_1_277' title='bbox 230 2977 345 3065; x_wconf 87' lang='lat' dir='ltr'>legista</span> <span class='ocrx_word' id='word_1_278' title='bbox 360 2992 407 3040; x_wconf 88' lang='lat' dir='ltr'>est</span> <span class='ocrx_word' id='word_1_279' title='bbox 421 2978 476 3041; x_wconf 93' lang='lat' dir='ltr'>ille</span> <span class='ocrx_word' id='word_1_280' title='bbox 493 2978 527 3040; x_wconf 94' lang='lat' dir='ltr'>in</span> <span class='ocrx_word' id='word_1_281' title='bbox 543 3001 636 3061; x_wconf 87' lang='lat' dir='ltr'>quem</span> <span class='ocrx_word' id='word_1_282' title='bbox 648 2980 764 3044; x_wconf 86' lang='lat' dir='ltr'>Custos</span> <span class='ocrx_word' id='word_1_283' title='bbox 779 2993 808 3042; x_wconf 94' lang='lat' dir='ltr'>et</span> <span class='ocrx_word' id='word_1_284' title='bbox 820 2982 891 3044; x_wconf 87' lang='lat' dir='ltr'>duae</span> <span class='ocrx_word' id='word_1_285' title='bbox 905 2991 1013 3065; x_wconf 88' lang='lat' dir='ltr'>partes</span> <span class='ocrx_word' id='word_1_286' title='bbox 1029 2982 1170 3045; x_wconf 90' lang='lat' dir='ltr'>omnium</span> <span class='ocrx_word' id='word_1_287' title='bbox 1182 2980 1380 3065; x_wconf 88' lang='lat' dir='ltr'>juristarum,</span> 
     </span>
     <span class='ocr_line' id='line_1_33' title="bbox 229 3063 1381 3152; baseline 0 -23"><span class='ocrx_word' id='word_1_288' title='bbox 229 3064 395 3129; x_wconf 88' lang='lat' dir='ltr'>Sociorum</span> <span class='ocrx_word' id='word_1_289' title='bbox 419 3065 495 3128; x_wconf 90' lang='lat' dir='ltr'>dicti</span> <span class='ocrx_word' id='word_1_290' title='bbox 511 3063 660 3149; x_wconf 84' lang='lat' dir='ltr'>Collegii,</span> <span class='ocrx_word' id='word_1_291' title='bbox 677 3078 753 3129; x_wconf 90' lang='grc' dir='ltr'>ωηο</span> <span class='ocrx_word' id='word_1_292' title='bbox 777 3067 809 3130; x_wconf 92' lang='lat' dir='ltr'>in</span> <span class='ocrx_word' id='word_1_293' title='bbox 822 3065 1042 3132; x_wconf 90' lang='lat' dir='ltr'>Universitate</span> <span class='ocrx_word' id='word_1_294' title='bbox 1066 3068 1281 3152; x_wconf 79' lang='lat' dir='ltr'>praesentium,</span> <span class='ocrx_word' id='word_1_295' title='bbox 1305 3090 1381 3129; x_wconf 89' lang='lat' dir='ltr'>cou-</span> 
     </span>
     <span class='ocr_line' id='line_1_34' title="bbox 231 3149 1383 3236; baseline 0.002 -23"><span class='ocrx_word' id='word_1_296' title='bbox 231 3150 396 3221; x_wconf 87' lang='lat' dir='ltr'>senserint‚</span> <span class='ocrx_word' id='word_1_297' title='bbox 415 3149 607 3236; x_wconf 82' lang='lat' dir='ltr'>eligendum,</span> <span class='ocrx_word' id='word_1_298' title='bbox 628 3173 683 3214; x_wconf 86' lang='lat' dir='ltr'>seu</span> <span class='ocrx_word' id='word_1_299' title='bbox 698 3153 794 3216; x_wconf 88' lang='lat' dir='ltr'>etiam</span> <span class='ocrx_word' id='word_1_300' title='bbox 817 3154 1055 3219; x_wconf 89' lang='lat' dir='ltr'>assumendum.</span> <span class='ocrx_word' id='word_1_301' title='bbox 1100 3154 1193 3228; x_wconf 86' lang='lat' dir='ltr'>Quod</span> <span class='ocrx_word' id='word_1_302' title='bbox 1216 3154 1245 3215; x_wconf 90' lang='lat' dir='ltr'>si</span> <span class='ocrx_word' id='word_1_303' title='bbox 1267 3153 1301 3214; x_wconf 92' lang='lat' dir='ltr'>in</span> <span class='ocrx_word' id='word_1_304' title='bbox 1324 3154 1383 3215; x_wconf 91' lang='lat' dir='ltr'>ali-</span> 
     </span>
     <span class='ocr_line' id='line_1_35' title="bbox 229 3237 1382 3323; baseline 0.003 -24"><span class='ocrx_word' id='word_1_305' title='bbox 229 3260 323 3321; x_wconf 90' lang='lat' dir='ltr'>quem</span> <span class='ocrx_word' id='word_1_306' title='bbox 346 3237 568 3320; x_wconf 85' lang='lat' dir='ltr'>praedictorum</span> <span class='ocrx_word' id='word_1_307' title='bbox 584 3237 619 3300; x_wconf 91' lang='lat' dir='ltr'>in</span> <span class='ocrx_word' id='word_1_308' title='bbox 636 3238 744 3302; x_wconf 87' lang='lat' dir='ltr'>Socios</span> <span class='ocrx_word' id='word_1_309' title='bbox 766 3263 853 3304; x_wconf 89' lang='lat' dir='ltr'>veros</span> <span class='ocrx_word' id='word_1_310' title='bbox 870 3243 1135 3314; x_wconf 90' lang='lat' dir='ltr'>assumendorum,</span> <span class='ocrx_word' id='word_1_311' title='bbox 1155 3251 1191 3304; x_wconf 89' lang='lat' dir='ltr'>ut</span> <span class='ocrx_word' id='word_1_312' title='bbox 1214 3241 1382 3323; x_wconf 76' lang='lat' dir='ltr'>praefertur,</span> 
     </span>
     <span class='ocr_line' id='line_1_36' title="bbox 230 3323 1384 3409; baseline 0.002 -23"><span class='ocrx_word' id='word_1_313' title='bbox 230 3324 316 3387; x_wconf 82' lang='lat' dir='ltr'>infra</span> <span class='ocrx_word' id='word_1_314' title='bbox 352 3346 452 3386; x_wconf 92' lang='lat' dir='ltr'>unum</span> <span class='ocrx_word' id='word_1_315' title='bbox 492 3323 578 3387; x_wconf 92' lang='lat' dir='ltr'>diem</span> <span class='ocrx_word' id='word_1_316' title='bbox 615 3347 677 3388; x_wconf 91' lang='lat' dir='ltr'>non</span> <span class='ocrx_word' id='word_1_317' title='bbox 708 3327 800 3390; x_wconf 85' lang='lat' dir='ltr'>suerit</span> <span class='ocrx_word' id='word_1_318' title='bbox 830 3331 1061 3406; x_wconf 88' lang='lat' dir='ltr'>concordatum,</span> <span class='ocrx_word' id='word_1_319' title='bbox 1095 3340 1210 3390; x_wconf 88' lang='lat' dir='ltr'>extunc</span> <span class='ocrx_word' id='word_1_320' title='bbox 1243 3326 1298 3388; x_wconf 92' lang='lat' dir='ltr'>ille</span> <span class='ocrx_word' id='word_1_321' title='bbox 1326 3348 1384 3409; x_wconf 93' lang='lat' dir='ltr'>pro</span> 
     </span>
     <span class='ocr_line' id='line_1_37' title="bbox 232 3408 1383 3497; baseline 0.001 -25"><span class='ocrx_word' id='word_1_322' title='bbox 232 3424 396 3494; x_wconf 89' lang='lat' dir='ltr'>assumpto</span> <span class='ocrx_word' id='word_1_323' title='bbox 413 3408 566 3474; x_wconf 89' lang='lat' dir='ltr'>habeatur</span> <span class='ocrx_word' id='word_1_324' title='bbox 588 3411 624 3475; x_wconf 89' lang='lat' dir='ltr'>in</span> <span class='ocrx_word' id='word_1_325' title='bbox 645 3435 748 3497; x_wconf 88' lang='lat' dir='ltr'>quem,</span> <span class='ocrx_word' id='word_1_326' title='bbox 764 3413 845 3476; x_wconf 81' lang='lat' dir='ltr'>infra</span> <span class='ocrx_word' id='word_1_327' title='bbox 866 3418 945 3478; x_wconf 87' lang='lat' dir='ltr'>duos</span> <span class='ocrx_word' id='word_1_328' title='bbox 960 3415 1027 3478; x_wconf 93' lang='lat' dir='ltr'>dies</span> <span class='ocrx_word' id='word_1_329' title='bbox 1051 3425 1161 3478; x_wconf 88' lang='lat' dir='ltr'>extunc</span> <span class='ocrx_word' id='word_1_330' title='bbox 1178 3412 1320 3497; x_wconf 88' lang='lat' dir='ltr'>proxime</span> <span class='ocrx_word' id='word_1_331' title='bbox 1336 3434 1383 3474; x_wconf 86' lang='lat' dir='ltr'>sa-</span> 
     </span>
    </p>
   </div>
   <div class='ocr_carea' id='block_1_3' title="bbox 22 3497 1385 4007">
    <p class='ocr_par' dir='ltr' id='par_1_3' title="bbox 22 3497 1385 4007">
     <span class='ocr_line' id='line_1_38' title="bbox 232 3497 1385 3585; baseline 0.003 -27"><span class='ocrx_word' id='word_1_332' title='bbox 232 3508 371 3580; x_wconf 81' lang='lat' dir='ltr'>quantes,</span> <span class='ocrx_word' id='word_1_333' title='bbox 388 3497 505 3576; x_wconf 87' lang='lat' dir='ltr'>Custos</span> <span class='ocrx_word' id='word_1_334' title='bbox 528 3519 565 3560; x_wconf 89' lang='lat' dir='ltr'>ac</span> <span class='ocrx_word' id='word_1_335' title='bbox 586 3519 695 3563; x_wconf 88' lang='lat' dir='ltr'>omnes</span> <span class='ocrx_word' id='word_1_336' title='bbox 721 3512 750 3561; x_wconf 91' lang='lat' dir='ltr'>et</span> <span class='ocrx_word' id='word_1_337' title='bbox 775 3500 895 3585; x_wconf 81' lang='lat' dir='ltr'>singuli</span> <span class='ocrx_word' id='word_1_338' title='bbox 920 3500 1008 3563; x_wconf 89' lang='lat' dir='ltr'>Socii</span> <span class='ocrx_word' id='word_1_339' title='bbox 1033 3500 1123 3562; x_wconf 90' lang='lat' dir='ltr'>illius</span> <span class='ocrx_word' id='word_1_340' title='bbox 1147 3499 1306 3562; x_wconf 86' lang='lat' dir='ltr'>facultatis</span> <span class='ocrx_word' id='word_1_341' title='bbox 1329 3523 1385 3562; x_wconf 87' lang='lat' dir='ltr'>seu</span> 
     </span>
     <span class='ocr_line' id='line_1_39' title="bbox 234 3582 1385 3669; baseline 0.001 -25"><span class='ocrx_word' id='word_1_342' title='bbox 234 3582 375 3646; x_wconf 83' lang='lat' dir='ltr'>scientiae</span> <span class='ocrx_word' id='word_1_343' title='bbox 398 3582 487 3667; x_wconf 88' lang='lat' dir='ltr'>cujus</span> <span class='ocrx_word' id='word_1_344' title='bbox 503 3595 551 3646; x_wconf 88' lang='lat' dir='ltr'>est</span> <span class='ocrx_word' id='word_1_345' title='bbox 566 3584 636 3667; x_wconf 91' lang='lat' dir='ltr'>ipse</span> <span class='ocrx_word' id='word_1_346' title='bbox 652 3585 805 3646; x_wconf 88' lang='lat' dir='ltr'>scholaris</span> <span class='ocrx_word' id='word_1_347' title='bbox 821 3587 860 3646; x_wconf 92' lang='lat' dir='ltr'>de</span> <span class='ocrx_word' id='word_1_348' title='bbox 875 3583 963 3666; x_wconf 90' lang='lat' dir='ltr'>cujus</span> <span class='ocrx_word' id='word_1_349' title='bbox 986 3586 1206 3668; x_wconf 89' lang='lat' dir='ltr'>assumptione</span> <span class='ocrx_word' id='word_1_350' title='bbox 1222 3585 1337 3669; x_wconf 87' lang='lat' dir='ltr'>agitur,</span> <span class='ocrx_word' id='word_1_351' title='bbox 1355 3599 1385 3646; x_wconf 90' lang='lat' dir='ltr'>et</span> 
     </span>
     <span class='ocr_line' id='line_1_40' title="bbox 225 3668 1384 3754; baseline -0.001 -24"><span class='ocrx_word' id='word_1_352' title='bbox 225 3679 365 3751; x_wconf 35' lang='lat' dir='ltr'>,quatuor</span> <span class='ocrx_word' id='word_1_353' title='bbox 388 3669 520 3733; x_wconf 91' lang='lat' dir='ltr'>alterius</span> <span class='ocrx_word' id='word_1_354' title='bbox 536 3668 704 3739; x_wconf 76' lang='lat' dir='ltr'>facultatis,</span> <span class='ocrx_word' id='word_1_355' title='bbox 727 3679 799 3732; x_wconf 92' lang='lat' dir='ltr'>tunc</span> <span class='ocrx_word' id='word_1_356' title='bbox 821 3668 856 3730; x_wconf 89' lang='lat' dir='ltr'>in</span> <span class='ocrx_word' id='word_1_357' title='bbox 871 3668 1088 3733; x_wconf 85' lang='lat' dir='ltr'>Universitate</span> <span class='ocrx_word' id='word_1_358' title='bbox 1110 3684 1288 3754; x_wconf 89' lang='lat' dir='ltr'>praesentes,</span> <span class='ocrx_word' id='word_1_359' title='bbox 1312 3690 1384 3730; x_wconf 90' lang='lat' dir='ltr'>con-</span> 
     </span>
     <span class='ocr_line' id='line_1_41' title="bbox 235 3753 1383 3837; baseline -0.001 -22"><span class='ocrx_word' id='word_1_360' title='bbox 235 3755 390 3816; x_wconf 88' lang='lat' dir='ltr'>senserint</span> <span class='ocrx_word' id='word_1_361' title='bbox 406 3754 643 3826; x_wconf 89' lang='lat' dir='ltr'>assumendum,</span> <span class='ocrx_word' id='word_1_362' title='bbox 658 3753 720 3815; x_wconf 88' lang='lat' dir='ltr'>etsi</span> <span class='ocrx_word' id='word_1_363' title='bbox 735 3775 794 3815; x_wconf 91' lang='lat' dir='ltr'>non</span> <span class='ocrx_word' id='word_1_364' title='bbox 809 3753 929 3816; x_wconf 82' lang='lat' dir='ltr'>saciant</span> <span class='ocrx_word' id='word_1_365' title='bbox 943 3754 1093 3836; x_wconf 90' lang='lat' dir='ltr'>majorem</span> <span class='ocrx_word' id='word_1_366' title='bbox 1108 3765 1229 3837; x_wconf 88' lang='lat' dir='ltr'>partem</span> <span class='ocrx_word' id='word_1_367' title='bbox 1245 3753 1383 3814; x_wconf 91' lang='lat' dir='ltr'>omnium</span> 
     </span>
     <span class='ocr_line' id='line_1_42' title="bbox 22 3837 1385 3923; baseline 0 -24"><span class='ocrx_word' id='word_1_368' title='bbox 22 3847 196 3919; x_wconf 61' lang='lat' dir='ltr'>metuamus</span> <span class='ocrx_word' id='word_1_369' title='bbox 235 3839 400 3903; x_wconf 90' lang='lat' dir='ltr'>Sociorum</span> <span class='ocrx_word' id='word_1_370' title='bbox 421 3840 627 3923; x_wconf 81' lang='lat' dir='ltr'>praesentium</span> <span class='ocrx_word' id='word_1_371' title='bbox 651 3838 787 3922; x_wconf 88' lang='lat' dir='ltr'>Collegii</span> <span class='ocrx_word' id='word_1_372' title='bbox 809 3841 984 3904; x_wconf 89' lang='lat' dir='ltr'>memorati.</span> <span class='ocrx_word' id='word_1_373' title='bbox 1029 3839 1066 3901; x_wconf 91' lang='lat' dir='ltr'>Si</span> <span class='ocrx_word' id='word_1_374' title='bbox 1080 3861 1163 3911; x_wconf 90' lang='lat' dir='ltr'>vero,</span> <span class='ocrx_word' id='word_1_375' title='bbox 1178 3840 1260 3900; x_wconf 78' lang='lat' dir='ltr'>iutra</span> <span class='ocrx_word' id='word_1_376' title='bbox 1282 3837 1385 3899; x_wconf 88' lang='lat' dir='ltr'>dictos</span> 
     </span>
     <span class='ocr_line' id='line_1_43' title="bbox 22 3914 1384 4007; baseline 0 -19"><span class='ocrx_word' id='word_1_377' title='bbox 22 3914 184 3978; x_wconf 55' lang='lat' dir='ltr'>mimi</span> <span class='ocrx_word' id='word_1_378' title='bbox 234 3935 296 3988; x_wconf 87' lang='lat' dir='ltr'>tres</span> <span class='ocrx_word' id='word_1_379' title='bbox 323 3924 404 3995; x_wconf 87' lang='lat' dir='ltr'>dies,</span> <span class='ocrx_word' id='word_1_380' title='bbox 427 3924 462 3986; x_wconf 91' lang='lat' dir='ltr'>in</span> <span class='ocrx_word' id='word_1_381' title='bbox 487 3924 622 4007; x_wconf 88' lang='lat' dir='ltr'>aliquem</span> <span class='ocrx_word' id='word_1_382' title='bbox 646 3922 836 3985; x_wconf 89' lang='lat' dir='ltr'>scholarium</span> <span class='ocrx_word' id='word_1_383' title='bbox 862 3925 1098 4004; x_wconf 71' lang='lat' dir='ltr'>praedictorum,</span> <span class='ocrx_word' id='word_1_384' title='bbox 1117 3925 1223 3986; x_wconf 84' lang='lat' dir='ltr'>fraude</span> <span class='ocrx_word' id='word_1_385' title='bbox 1247 3934 1277 3985; x_wconf 88' lang='lat' dir='ltr'>et</span> <span class='ocrx_word' id='word_1_386' title='bbox 1300 3923 1384 3987; x_wconf 91' lang='lat' dir='ltr'>malo</span> 
     </span>
    </p>
   </div>
   <div class='ocr_carea' id='block_1_4' title="bbox 21 3970 1386 4443">
    <p class='ocr_par' dir='ltr' id='par_1_4' title="bbox 21 3970 1386 4443">
     <span class='ocr_line' id='line_1_44' title="bbox 21 3970 1267 4031; baseline -0.014 0"><span class='ocrx_word' id='word_1_387' title='bbox 21 3970 142 4031; x_wconf 64' lang='lat' dir='ltr'>&amp;holus</span> <span class='ocrx_word' id='word_1_388' title='bbox 236 4010 244 4027; x_wconf 87' lang='lat'><strong>.</strong></span> <span class='ocrx_word' id='word_1_389' title='bbox 334 4010 342 4024; x_wconf 87' lang='lat'><strong>.</strong></span> <span class='ocrx_word' id='word_1_390' title='bbox 520 4010 527 4024; x_wconf 92' lang='lat'><strong>.</strong></span> <span class='ocrx_word' id='word_1_391' title='bbox 838 4008 845 4021; x_wconf 90' lang='lat'><strong>.</strong></span> <span class='ocrx_word' id='word_1_392' title='bbox 1260 4009 1267 4023; x_wconf 82' lang='lat'>,</span> 
     </span>
     <span class='ocr_line' id='line_1_45' title="bbox 234 4006 1384 4098; baseline -0.002 -24"><span class='ocrx_word' id='word_1_393' title='bbox 234 4031 365 4098; x_wconf 87' lang='lat' dir='ltr'>rngemo</span> <span class='ocrx_word' id='word_1_394' title='bbox 392 4013 601 4081; x_wconf 76' lang='lat' dir='ltr'>cessantibus,</span> <span class='ocrx_word' id='word_1_395' title='bbox 628 4006 717 4070; x_wconf 90' lang='lat' dir='ltr'>nullo</span> <span class='ocrx_word' id='word_1_396' title='bbox 746 4008 970 4091; x_wconf 62' lang='lat' dir='ltr'>praedictorum</span> <span class='ocrx_word' id='word_1_397' title='bbox 1000 4010 1165 4072; x_wconf 90' lang='lat' dir='ltr'>modorum</span> <span class='ocrx_word' id='word_1_398' title='bbox 1192 4011 1282 4072; x_wconf 87' lang='lat' dir='ltr'>suerrt</span> <span class='ocrx_word' id='word_1_399' title='bbox 1311 4032 1384 4072; x_wconf 90' lang='lat' dir='ltr'>con·</span> 
     </span>
     <span class='ocr_line' id='line_1_46' title="bbox 235 4091 1385 4178; baseline -0.001 -17"><span class='ocrx_word' id='word_1_400' title='bbox 235 4097 410 4167; x_wconf 91' lang='lat' dir='ltr'>cordatum,</span> <span class='ocrx_word' id='word_1_401' title='bbox 425 4107 547 4167; x_wconf 89' lang='lat' dir='ltr'>extunc,</span> <span class='ocrx_word' id='word_1_402' title='bbox 563 4104 706 4157; x_wconf 88' lang='lat' dir='ltr'>cessante</span> <span class='ocrx_word' id='word_1_403' title='bbox 721 4091 933 4178; x_wconf 90' lang='lat' dir='ltr'>cujuscunque</span> <span class='ocrx_word' id='word_1_404' title='bbox 949 4095 1188 4158; x_wconf 89' lang='lat' dir='ltr'>contradictoris</span> <span class='ocrx_word' id='word_1_405' title='bbox 1210 4096 1385 4170; x_wconf 89' lang='lat' dir='ltr'>obstaculo,</span> 
     </span>
     <span class='ocr_line' id='line_1_47' title="bbox 234 4180 1386 4269; baseline 0 -23"><span class='ocrx_word' id='word_1_406' title='bbox 234 4183 341 4269; x_wconf 87' lang='lat' dir='ltr'>ipsum</span> <span class='ocrx_word' id='word_1_407' title='bbox 355 4183 393 4245; x_wconf 94' lang='lat' dir='ltr'>de</span> <span class='ocrx_word' id='word_1_408' title='bbox 409 4180 499 4265; x_wconf 90' lang='lat' dir='ltr'>cujus</span> <span class='ocrx_word' id='word_1_409' title='bbox 513 4181 666 4245; x_wconf 86' lang='lat' dir='ltr'>electione</span> <span class='ocrx_word' id='word_1_410' title='bbox 682 4180 786 4267; x_wconf 83' lang='lat' dir='ltr'>agitur</span> <span class='ocrx_word' id='word_1_411' title='bbox 802 4203 821 4243; x_wconf 89' lang='lat' dir='ltr'>a</span> <span class='ocrx_word' id='word_1_412' title='bbox 836 4180 922 4243; x_wconf 91' lang='lat' dir='ltr'>dicto</span> <span class='ocrx_word' id='word_1_413' title='bbox 932 4180 1078 4268; x_wconf 81' lang='lat' dir='ltr'>Collegio</span> <span class='ocrx_word' id='word_1_414' title='bbox 1093 4183 1258 4265; x_wconf 88' lang='lat' dir='ltr'>praesentis</span> <span class='ocrx_word' id='word_1_415' title='bbox 1275 4185 1386 4248; x_wconf 88' lang='lat' dir='ltr'>statuti</span> 
     </span>
     <span class='ocr_line' id='line_1_48' title="bbox 234 4268 1386 4356; baseline 0.003 -24"><span class='ocrx_word' id='word_1_416' title='bbox 234 4270 343 4356; x_wconf 82' lang='lat' dir='ltr'>vigore</span> <span class='ocrx_word' id='word_1_417' title='bbox 360 4269 522 4331; x_wconf 86' lang='lat' dir='ltr'>exclusum</span> <span class='ocrx_word' id='word_1_418' title='bbox 546 4269 608 4330; x_wconf 86' lang='lat' dir='ltr'>fore</span> <span class='ocrx_word' id='word_1_419' title='bbox 625 4268 833 4340; x_wconf 86' lang='lat' dir='ltr'>decernimus,</span> <span class='ocrx_word' id='word_1_420' title='bbox 849 4268 921 4351; x_wconf 90' lang='lat' dir='ltr'>ipso</span> <span class='ocrx_word' id='word_1_421' title='bbox 943 4271 1033 4331; x_wconf 82' lang='lat' dir='ltr'>lacto.</span> <span class='ocrx_word' id='word_1_422' title='bbox 1079 4269 1296 4333; x_wconf 84' lang='lat' dir='ltr'>Conscientias</span> <span class='ocrx_word' id='word_1_423' title='bbox 1312 4294 1386 4335; x_wconf 89' lang='lat' dir='ltr'>vero</span> 
     </span>
     <span class='ocr_line' id='line_1_49' title="bbox 235 4354 1386 4443; baseline 0.001 -22"><span class='ocrx_word' id='word_1_424' title='bbox 235 4355 391 4434; x_wconf 72' lang='lat' dir='ltr'>custodie,</span> <span class='ocrx_word' id='word_1_425' title='bbox 408 4355 631 4419; x_wconf 89' lang='lat' dir='ltr'>Vicecustodis</span> <span class='ocrx_word' id='word_1_426' title='bbox 646 4364 679 4417; x_wconf 87' lang='lat' dir='ltr'>et</span> <span class='ocrx_word' id='word_1_427' title='bbox 696 4354 861 4418; x_wconf 87' lang='lat' dir='ltr'>Sociorum</span> <span class='ocrx_word' id='word_1_428' title='bbox 886 4356 1028 4418; x_wconf 89' lang='lat' dir='ltr'>omnium</span> <span class='ocrx_word' id='word_1_429' title='bbox 1052 4356 1283 4440; x_wconf 78' lang='lat' dir='ltr'>praedictorum,</span> <span class='ocrx_word' id='word_1_430' title='bbox 1300 4359 1386 4443; x_wconf 88' lang='lat' dir='ltr'>apud</span> 
     </span>
    </p>
   </div>
   <div class='ocr_carea' id='block_1_5' title="bbox 235 4441 1386 4526">
    <p class='ocr_par' dir='ltr' id='par_1_5' title="bbox 235 4441 1386 4526">
     <span class='ocr_line' id='line_1_50' title="bbox 235 4441 1386 4526; baseline 0.002 -19"><span class='ocrx_word' id='word_1_431' title='bbox 235 4442 343 4507; x_wconf 91' lang='lat' dir='ltr'>Deum</span> <span class='ocrx_word' id='word_1_432' title='bbox 358 4441 393 4506; x_wconf 93' lang='lat' dir='ltr'>in</span> <span class='ocrx_word' id='word_1_433' title='bbox 407 4441 465 4505; x_wconf 88' lang='lat' dir='ltr'>hac</span> <span class='ocrx_word' id='word_1_434' title='bbox 486 4454 575 4526; x_wconf 90' lang='lat' dir='ltr'>parte</span> <span class='ocrx_word' id='word_1_435' title='bbox 598 4441 696 4505; x_wconf 88' lang='lat' dir='ltr'>altius</span> <span class='ocrx_word' id='word_1_436' title='bbox 719 4463 885 4505; x_wconf 89' lang='lat' dir='ltr'>oneramus</span> <span class='ocrx_word' id='word_1_437' title='bbox 910 4455 953 4517; x_wconf 93' lang='lat' dir='ltr'>ut,</span> <span class='ocrx_word' id='word_1_438' title='bbox 970 4443 1168 4507; x_wconf 88' lang='lat' dir='ltr'>cessantibus</span> <span class='ocrx_word' id='word_1_439' title='bbox 1192 4447 1386 4509; x_wconf 87' lang='lat' dir='ltr'>omnimodis</span> 
     </span>
    </p>
   </div>
   <div class='ocr_carea' id='block_1_6' title="bbox 0 0 1533 4898">
    <p class='ocr_par' dir='ltr' id='par_1_6' title="bbox 0 0 1533 4898">
     <span class='ocr_line' id='line_1_51' title="bbox 0 0 1533 4898; baseline 0 0"><span class='ocrx_word' id='word_1_440' title='bbox 0 0 1533 4898; x_wconf 95' lang='lat' dir='ltr'> </span> 
     </span>
    </p>
   </div>
  </div>
 </body>
</html>
