3014 4898
197 413 200 420 ,
261 338 304 406 te
508 339 646 406 Statum
661 343 700 424 os
708 342 767 404 An
781 340 874 407 souis
891 338 1017 426 Conspe,
1039 340 1166 425 Ocsord.

255 512 381 595 juristae
402 511 568 596 punitione
593 525 715 594 agatur,
731 511 893 575 manifeste
912 512 1102 596 apparuerit,
1118 525 1241 590 extunc,
1256 510 1415 593 praesentis

260 600 373 663 statuti
389 599 508 685 vigore,
525 620 582 683 pro
597 599 702 683 prima
720 599 789 662 vice
812 621 867 684 per
892 598 1115 687 septimanam,
1131 620 1189 682 pro
1206 597 1341 660 secunda
1357 618 1415 679 per

259 687 458 770 quindenam,
472 696 504 747 et
517 707 575 770 pro
590 685 683 748 tertia
701 705 756 768 per
778 705 925 763 mensem,
940 684 1115 748 communis
1130 685 1207 764 suis,
1223 695 1251 744 et
1268 683 1414 746 omnibus

260 772 544 834 distributionibus
570 793 607 833 ac
633 770 885 856 perceptionibus
905 771 980 833 aliis
1004 771 1132 833 interim
1152 769 1415 855 contingentibus,

260 865 341 942 quas
360 858 400 920 de
423 858 494 941 ipso
510 857 658 945 Collegio
681 870 762 919 esset
786 857 868 919 alias
893 866 1103 943 percepturus,
1119 871 1226 919 careat
1240 856 1310 939 ipso
1324 855 1415 934 facto,

261 958 290 1006 et
306 945 441 1029 iusuper
464 944 581 1006 arctius
605 943 764 1027 puniatur,
780 942 953 1004 secundum
978 943 1065 1027 quod
1089 937 1225 1006 Custodi
1240 954 1270 1003 et
1286 941 1416 1005 Decano

262 1029 475 1113 delinquentis
496 1028 666 1108 videbitur,
682 1029 712 1091 si
732 1027 845 1091 delicti
869 1027 917 1090 vel
941 1029 1014 1094 facti
1037 1028 1173 1112 qualitas
1196 1029 1230 1091 id
1254 1040 1415 1111 exposcat.

262 1117 300 1180 Si
321 1138 400 1196 vero,
416 1116 449 1178 in
476 1114 604 1177 casibus
627 1114 842 1192 detractionis,
864 1113 1111 1196 comparationis
1137 1115 1219 1176 inter
1241 1114 1416 1192 facultates,

262 1201 508 1286 conspirationis
533 1213 586 1262 aut
609 1200 829 1263 seminationis
856 1199 1031 1278 discordiae,
1057 1200 1182 1289 gravius
1210 1212 1321 1300 quarta
1344 1198 1416 1260 vice

264 1289 336 1372 quis
352 1287 524 1371 deliquisse
539 1285 646 1371 aliquo
665 1287 759 1351 modo
782 1286 945 1369 praemisso
968 1285 1111 1370 legitime
1133 1298 1293 1348 convictus
1310 1285 1413 1363 fuerit,

265 1374 372 1457 ipsum
400 1386 550 1456 perpetuo
572 1372 734 1435 exclusum
758 1384 789 1434 et
813 1373 971 1457 privatum
996 1372 1060 1435 sore
1084 1372 1153 1456 ipso
1182 1375 1261 1437 t'acto
1287 1393 1307 1432 a
1329 1371 1416 1432 dicto

266 1459 415 1544 Colle-gio
444 1458 620 1537 statuimus,
645 1458 789 1522 volumus
818 1469 849 1521 et
873 1458 968 1520 etiam
993 1458 1181 1521 ordinamus
1227 1456 1415 1535 statuentes,

266 1557 423 1630 praeterea,
436 1557 468 1606 et
483 1545 579 1607 etiam
596 1544 784 1623 ordinantes,
800 1545 881 1628 quod
896 1543 927 1606 si
943 1541 1051 1627 aliqua
1065 1544 1241 1622 discordiae,
1258 1543 1324 1616 irae,
1339 1543 1416 1604 rixae

265 1643 321 1694 ant
335 1630 549 1709 dissensionis,
562 1631 706 1710 materis,
722 1630 806 1714 quod
829 1628 930 1694 absitl
953 1630 987 1692 in
1009 1629 1095 1694 dicto
1117 1629 1266 1716 Collegio
1289 1630 1417 1691 suborta
1482 1684 1488 1689 .

262 1718 318 1797 sit,
343 1718 603 1802 qualitercunque
627 1718 708 1780 inter
729 1738 930 1800 quoscunque
956 1715 1123 1794 scholares,
1136 1716 1246 1778 Socios
1270 1726 1323 1777 aut
1338 1713 1416 1778 alios

263 1805 413 1890 degentes
427 1803 460 1866 in
479 1801 626 1886 Collegio
641 1816 823 1881 memorato,
838 1802 900 1865 nisi
920 1802 966 1864 sic
988 1802 1202 1864 dissentientes
1225 1801 1305 1862 infra
1324 1801 1417 1862 unius

224 1902 231 1913 “
265 1887 336 1954 diei
366 1889 509 1975 spatium
537 1889 617 1951 inter
647 1910 681 1949 se
706 1888 903 1967 concordent,
927 1897 1040 1949 extunc
1069 1886 1210 1964 celerius,
1234 1887 1360 1949 cautius
1385 1895 1416 1947 et

263 1975 390 2055 melius,
416 1997 478 2058 quo
503 1974 573 2037 lieri
597 1973 723 2057 poterit,
746 1996 803 2058 per
830 1973 1083 2052 Vicecustodem,
1108 1971 1256 2036 Decanos
1285 1985 1314 2034 et
1344 1973 1416 2034 bur-

266 2061 379 2143 sarios,
394 2061 537 2143 aliosque
562 2081 620 2144 per
645 2082 724 2144 quos
750 2059 867 2125 melius
890 2058 1049 2123 videbitur
1072 2058 1231 2145 expedire,
1253 2058 1336 2120 infra
1360 2057 1416 2118 tri·

261 2147 367 2210 Mum
394 2146 521 2209 sedetur
548 2159 579 2207 et
607 2146 793 2230 pacificetur
826 2143 1010 2228 hujusmodi
1047 2144 1199 2208 dissensio
1227 2144 1415 2206 omnimodo.

262 2232 303 2295 Si
318 2254 389 2296 vero
404 2231 470 2316 ipsi
490 2231 532 2294 ad
552 2252 623 2293 eam
640 2231 836 2315 sopiendam,
860 2232 975 2314 absque
998 2230 1150 2309 Custode,
1170 2252 1232 2293 non
1247 2229 1416 2308 sufficiant,

265 2329 339 2380 tnnc
362 2318 490 2396 Custos,
514 2317 685 2402 assumptis
709 2317 772 2380 sibi
797 2317 1016 2395 Vicecustode,
1039 2315 1181 2380 Decauis
1206 2329 1237 2380 at
1260 2315 1417 2378 burseriis

265 2403 438 2488 praedictis,
453 2415 483 2466 et
498 2403 572 2466 aliis
586 2403 691 2467 Sociis
707 2403 809 2487 ipsius
822 2402 971 2489 Collegii,
986 2425 1042 2486 per
1057 2424 1135 2487 quos
1151 2402 1335 2486 hujusmodi
1351 2401 1416 2462 dis-

263 2489 419 2552 sensionis
442 2489 578 2553 materia
600 2489 820 2553 verisimiliter
842 2489 947 2553 sedari
973 2490 1097 2572 poterit,
1120 2501 1226 2574 partes
1249 2488 1418 2575 praedictas

263 2575 314 2638 sic
327 2575 542 2639 discordantes
561 2577 734 2638 summaria
754 2587 786 2639 et
808 2576 852 2638 de
877 2576 972 2660 plano
994 2574 1162 2654 examinet,
1177 2575 1224 2637 sic
1246 2574 1330 2658 quod
1347 2574 1417 2635 finis

265 2660 444 2740 discordia,
459 2662 516 2723 irae
538 2684 594 2723 seu
618 2661 809 2724 dissensioni
831 2671 862 2722 et
881 2658 989 2744 jurgio
1006 2658 1196 2742 hujusmodi,
1213 2661 1328 2737 favore,
1343 2680 1417 2741 par·-

266 2745 412 2824 italiae,
427 2747 476 2811 ira
489 2766 528 2807 ac
546 2746 631 2824 odio,
646 2769 683 2811 ac
704 2745 840 2823 invidia,
854 2745 1104 2828 quibuscunque,
1120 2745 1321 2822 cessantibus,
1337 2745 1418 2806 infra

267 2853 323 2896 sex
345 2830 422 2910 dies,
443 2830 471 2893 si
486 2832 651 2895 commode
676 2830 746 2900 fieri
769 2831 895 2913 poterit,
922 2830 1045 2913 lapsum
1068 2830 1192 2894 dierum
1214 2830 1311 2892 trium
1338 2852 1416 2912 prae·

265 2917 423 2981 dictorum
448 2915 633 2980 immediate
658 2928 828 2998 sequentiae,
853 2916 1034 3000 imponatur
1055 2928 1086 2979 et
1115 2917 1188 2994 liat3
1209 2927 1241 2978 et
1264 2917 1418 3000 quicquid

268 3002 338 3087 ipse
363 3001 491 3079 Cestos,
512 3023 586 3067 cum
609 3000 827 3080 Vioeeustode,
853 3001 995 3068 Decanis
1017 3013 1047 3064 et
1074 3003 1224 3065 burseriis
1248 3003 1417 3084 praedictis,

268 3087 304 3150 in
324 3087 499 3170 premissis
515 3087 643 3151 duxerit
656 3087 873 3166 ordinandum,
889 3088 924 3151 id
946 3111 1002 3171 per
1022 3100 1126 3170 partes
1148 3086 1326 3171 hujusmodi
1349 3088 1416 3150 dis·

267 3173 433 3237 cordantes
448 3173 584 3238 firmiter
603 3174 785 3241 observetur
805 3185 836 3240 et
850 3174 1026 3240 executioni
1040 3176 1157 3257 absque
1172 3174 1418 3239 contradictione

267 3257 411 3342 qualibet
426 3258 644 3326 demandetur,
689 3260 760 3327 Noc
775 3259 870 3323 liceat
882 3259 980 3323 alicui
994 3261 1034 3323 de
1042 3261 1130 3325 dicto
1143 3259 1298 3346 Collegio,
1313 3258 1416 3342 cujus·

268 3366 394 3429 cunque
414 3357 512 3410 uatus
537 3357 591 3408 aut
609 3343 730 3429 gradus
749 3346 900 3425 extiterit,
916 3346 1073 3410 occasione
1092 3345 1230 3429 alicujus
1251 3347 1315 3425 irae,
1330 3347 1417 3424 rixae,

268 3428 370 3513 jurgii
385 3440 444 3496 aut
458 3430 672 3509 dissensionis,
696 3431 923 3498 intrationem
947 3431 1128 3516 Collegium
1152 3446 1228 3496 ortae
1252 3433 1300 3495 vel
1324 3443 1417 3494 motae

272 3517 349 3582 inter
360 3517 496 3596 eosdem,
511 3518 761 3600 prosecutionem
775 3519 876 3584 faeere
890 3529 945 3583 aut
960 3518 1047 3580 litem
1063 3518 1206 3603 aliquam
1221 3541 1354 3596 movere,
1369 3517 1417 3580 vel

267 3601 408 3686 aliquem
424 3604 585 3687 impetere,
600 3616 656 3668 aut
679 3604 719 3670 ad
738 3602 899 3686 judicium
922 3603 1052 3684 trahere,
1067 3625 1173 3668 coram
1188 3603 1296 3689 aliquo
1307 3603 1417 3687 judice

265 3689 452 3767 extrinseeo,
464 3688 680 3753 ecclesiastico
702 3691 751 3751 vel
772 3689 938 3763 saeculari3
961 3691 1017 3752 sed
1039 3690 1185 3754 volumus
1203 3692 1288 3774 quod
1312 3691 1417 3752 omni·

266 3775 361 3839 modo
387 3772 571 3856 hujusmodi
592 3772 712 3858 jurgia,
736 3775 802 3854 irae,
828 3777 914 3854 rixae,
938 3776 1106 3841 discordiae
1133 3791 1163 3840 et
1192 3777 1415 3852 dissensiones,

268 3881 339 3943 quae
351 3881 410 3942 per
424 3859 489 3923 Dei
504 3858 640 3944 gratiam
655 3881 727 3924 raro
740 3861 929 3946 contingent,
939 3861 1021 3924 iufra
1029 3863 1152 3924 dictum
1166 3860 1348 3944 Collegium
1360 3881 1417 3940 per

267 3966 416 4026 personas
429 3945 610 4027 praedictas,
626 3945 734 4028 aliqua
757 3948 951 4011 ordinatione
974 3947 1057 4013 bona
1078 3970 1134 4010 seu
1152 3942 1320 4011 concordia
1336 3945 1415 4006 tiriae

268 4028 338 4092 liter
353 4031 561 4097 terminentur
573 4043 601 4094 et
615 4031 712 4095 etiam
729 4031 922 4099 decidantur.

237 4222 239 4228 ·
265 4198 349 4283 Cap.
364 4200 514 4268 aa-De
531 4203 617 4267 modo
638 4212 667 4265 et
685 4204 866 4288 ternport'bus
883 4205 983 4268 deuote
1002 4204 1122 4267 dicundi
1139 4204 1231 4267 laras
1247 4205 1415 4282 canonicos,
1440 4189 1446 4200 ⁸

310 4289 344 4350 in
356 4289 472 4372 capella
493 4290 569 4352 dicti
584 4287 726 4370 Collepii3
751 4299 779 4353 et
801 4290 918 4354 cibuto
941 4291 1063 4355 tenendo
1076 4291 1110 4353 iu
1123 4291 1248 4364 eodem
1270 4301 1298 4353 et
1312 4292 1417 4355 ordine

306 4375 414 4436 ,nandi
427 4375 563 4440 taenaro
580 4375 719 4456 ausum.

310 4489 399 4570 lum,
436 4491 516 4574 quia
549 4512 676 4555 sacrum
722 4492 807 4555 diam
847 4491 1069 4572 Dominicum,
1108 4514 1295 4578 omnemque
1331 4494 1416 4556 diem

263 4573 384 4642 festum
398 4576 434 4640 in
456 4577 604 4645 lunomm
627 4578 816 4662 ipsiusDei
839 4578 1015 4663 alicujusve
1032 4579 1219 4645 Sanctorum
1242 4579 1310 4664 ejus
1328 4580 1416 4643 dedi·
