3014 4898
473 215 891 322 ‘asserebamus
1211 206 1325 306 103⁶

116 419 224 472 tamen
250 408 508 474 constitutionem
523 420 668 486 nostram,
685 409 723 471 de
737 404 831 472 tertia
845 419 934 494 parte
955 409 1035 472 inter
1050 410 1222 474 Custodem
1238 425 1269 476 et

116 495 226 559 Socios
249 497 472 568 distribuenda,
501 518 564 558 non
590 495 676 557 aliter
700 508 884 580 perpetuam
907 495 1146 576 essevolumus,
1171 522 1268 582 quam

117 581 200 644 lllius
214 584 362 646 continue
371 580 466 665 justae
481 593 510 644 et
527 582 663 644 honestas
680 604 781 645 causae
797 583 971 654 exstabunt,
987 605 1006 644 a
1022 581 1114 645 nobis
1128 594 1183 647 aut
1197 606 1269 649 suc·

115 668 290 732 sessoribus
303 669 419 732 nostris
434 669 657 752 approbandae,
672 679 703 730 et
716 691 753 731 ea
767 669 840 751 ipsa
855 669 970 732 Custos
986 679 1016 732 et
1040 667 1129 732 Socii
1148 672 1268 752 (nostro

116 776 370 818 successorumve
381 753 523 837 judicio)
541 777 603 817 non
618 754 795 816 abutentur.

162 839 212 904 16.
238 843 329 914 Item,
346 843 522 905 ordinamus
535 853 566 903 et
580 840 723 903 volumus
740 841 824 924 quod
843 841 989 903 circuitus
1008 840 1070 903 sive
1089 863 1269 928 progressus

115 926 156 989 ad
173 929 346 991 manerium
362 929 402 998 de
418 927 605 1013 Edgeware,
623 926 750 1010 posthac
773 927 898 1012 singulis
921 926 1021 1006 annis,
1043 948 1102 990 non
1124 930 1180 991 uisi
1202 939 1271 1012 post

116 1014 228 1076 festum
254 1014 459 1078 Exaltationis
485 1015 607 1076 Sanctae
632 1011 749 1092 Crucis,
773 1034 847 1075 cum
873 1011 934 1075 alia
960 1013 1106 1092 maneria,
1130 1017 1220 1078 terme
1239 1025 1270 1078 et

117 1111 308 1180 tenemento,
325 1099 460 1185 Collegii
480 1101 510 1162 in
525 1121 641 1185 magno
663 1120 826 1184 progressu
842 1099 1009 1178 visitentur,
1025 1122 1082 1183 per
1097 1100 1269 1164 Custodem

115 1198 170 1247 aut
185 1187 417 1250 Vicecustodem
434 1196 465 1248 et
478 1184 577 1248 alium
591 1206 805 1271 quemcunque
827 1184 951 1248 Socium
972 1185 1122 1248 habeatur
1138 1184 1186 1248 vel
1202 1188 1268 1252 tiat.

118 1271 278 1336 Nolumus
301 1284 408 1336 tamen
433 1271 499 1334 haec
526 1273 570 1334 ita
593 1273 692 1355 accipi
718 1283 752 1334 ut
775 1271 879 1350 curiae,
901 1271 1032 1334 antehac
1058 1273 1160 1356 primo
1188 1272 1270 1335 Maii

115 1358 202 1442 apud
214 1359 391 1443 Edgeware
404 1359 501 1421 teneri
517 1358 625 1438 solitae,
637 1357 751 1421 dehinc
763 1379 822 1420 non
838 1359 1047 1438 observentur,
1058 1359 1111 1420 sed
1125 1358 1270 1442 antiquus

117 1465 184 1506 mos
206 1446 239 1506 in
262 1446 377 1508 iisdem
401 1443 542 1508 tenendis
569 1466 625 1528 per
655 1443 883 1507 seneschallum
912 1441 1031 1506 ibidem
1061 1445 1268 1507 continuetur.

118 1530 160 1593 Et
176 1532 200 1593 si
216 1532 248 1592 in
264 1532 373 1593 iisdem
393 1530 486 1593 curiis
509 1532 668 1615 contingat
692 1529 767 1591 fines
786 1552 842 1615 per
862 1528 1059 1593 alienationes
1074 1530 1120 1593 vel
1138 1542 1270 1593 mortem

115 1619 290 1679 tenentium
306 1616 413 1696 levari,
429 1616 469 1679 de
483 1617 520 1679 iis
535 1627 698 1700 computus
720 1633 775 1699 per
795 1615 1023 1678 seneschallum
1047 1616 1079 1678 in
1104 1637 1268 1700 progressu

116 1725 230 1788 magno
253 1704 392 1787 proxime
413 1705 552 1786 sequenti
575 1701 709 1766 Custodi
732 1701 780 1764 vel
795 1700 992 1766 Vicecustodi
1016 1713 1046 1763 et
1066 1702 1157 1766 Socio
1180 1703 1267 1786 equi-

115 1790 205 1868 tanti,
222 1811 295 1852 cum
317 1790 492 1852 nominibus
517 1789 684 1851 tenentium
709 1789 828 1850 noviter
849 1788 1066 1867 admissorum,
1089 1799 1121 1850 et
1142 1809 1269 1851 numero

111 1876 262 1961 jugerum
285 1886 316 1937 et
337 1877 488 1960 qualitate
513 1894 660 1960 agrorum
684 1873 900 1953 alienatorum,
919 1874 1059 1938 distincte
1082 1885 1112 1937 et
1130 1875 1269 1960 specifice

115 1963 179 2025 fiat.
226 1963 277 2037 Et¹
293 1963 449 2041 similiter,
464 1964 498 2040 si,
516 1975 653 2044 tempore
676 1982 859 2046 progressus
883 1960 1001 2046 magni,
1019 1981 1076 2043 per
1095 1959 1267 2023 Custodem

115 2061 170 2111 aut
184 2046 426 2113 Vicecustodem
442 2059 473 2111 et
487 2047 615 2113 Socium
635 2047 676 2109 ad
698 2046 757 2109 hoc
777 2048 963 2130 deputatum
987 2047 1189 2109 alienationes
1213 2049 1268 2110 ali·

114 2158 186 2219 quae
201 2135 389 2218 contingant,
404 2144 533 2219 propter
546 2155 624 2218 quas
640 2143 713 2196 tunc
729 2133 802 2195 fines
819 2131 963 2218 Collegio
978 2133 1164 2212 obvenerint,
1182 2155 1266 2196 com·

114 2231 209 2304 putus
221 2220 261 2283 de
275 2220 385 2283 iisdem
401 2221 541 2283 distincte
555 2231 585 2282 et
600 2219 742 2303 specifice
762 2218 826 2297 fiat,
841 2241 914 2282 oum
933 2219 1105 2281 nominibus
1126 2218 1268 2283 similiter

115 2327 266 2371 novorum
285 2307 469 2385 tenentium,
486 2315 517 2366 et
533 2307 683 2391 jugerum
707 2325 845 2382 numero,
868 2326 979 2367 necnon
1002 2304 1155 2387 qualitate
1178 2325 1268 2388 agro-

116 2415 205 2470 rum3
228 2407 257 2454 et
279 2395 319 2456 ad
336 2391 525 2477 Collegium,
549 2413 609 2453 una
635 2412 709 2452 cum
733 2403 881 2474 computo
905 2389 1092 2452 seneschalli
1117 2390 1269 2473 praedicti,

115 2478 362 2552 transmittetur3
385 2489 420 2539 ut
434 2478 466 2538 in
481 2476 568 2539 finali
588 2477 730 2562 proximo
746 2483 894 2559 computo
910 2476 1002 2539 videri
1025 2477 1139 2560 poterit
1159 2499 1268 2560 quam,

115 2576 181 2627 tam
201 2587 256 2648 per
278 2563 504 2626 seneschallum
526 2585 623 2646 quam
647 2585 702 2646 per
720 2560 893 2626 Custodem
916 2572 971 2624 aut
986 2562 1224 2626 Vicecustodem
1239 2576 1269 2626 et

116 2651 243 2714 Socium
269 2649 464 2734 praedictum,
488 2649 520 2711 in
543 2649 711 2732 praemissis
735 2649 853 2710 factum
872 2649 975 2711 fuerit.
1007 2649 1062 2734 ,Et
1079 2648 1139 2710 hoc
1155 2648 1271 2712 Custos

116 2737 179 2800 sive
202 2737 388 2800 Vicecustos
417 2746 447 2798 et
476 2735 586 2800 Socius
614 2735 784 2819 praedictus
813 2735 914 2797 lacere
943 2756 1004 2798 non
1030 2735 1185 2815 omittant,
1210 2736 1269 2799 sub

114 2822 254 2907 ipsorum
278 2822 386 2886 debito
413 2821 553 2906 Collegio
576 2822 707 2905 praestiti
726 2821 906 2906 juramenti.
952 2821 995 2885 Et
1017 2842 1081 2900 nef
1090 2835 1148 2904 per
1173 2822 1270 2907 negli-

116 2911 249 2994 gentiam
272 2907 492 2992 supervisionis
516 2918 670 2970 terrarum
695 2920 724 2970 et
749 2918 997 2970 tenementorum
1021 2908 1053 2968 in
1073 2906 1194 2970 Wallia
1213 2931 1270 2972 ex·

116 2995 286 3076 istentium,
311 2994 491 3080 Collegium
520 2993 674 3056 damnum
704 2993 831 3078 aliquod
858 2993 908 3055 vel
929 2994 1089 3077 jacturam
1115 2996 1269 3077 patiatur,

105 3082 262 3145 ¹volumus
281 3093 311 3144 et
334 3082 522 3143 mandamus
544 3081 640 3164 quod,
657 3080 743 3143 omni
763 3079 894 3142 triennio
911 3078 1007 3141 semel
1025 3079 1065 3141 ad
1089 3080 1205 3159 minus,
1220 3081 1270 3143 vel

116 3168 234 3253 saepius
261 3167 287 3230 si
310 3189 391 3250 opus
415 3168 516 3244 luerit,
540 3168 631 3250 juxta
654 3178 790 3229 tenorem
814 3167 922 3228 statuti
950 3165 982 3227 in
1005 3187 1044 3226 ea
1066 3177 1156 3248 parte
1179 3165 1270 3245 editi,

114 3254 228 3318 Custos
243 3253 295 3314 vel
309 3252 503 3330 Vicecustos,
519 3273 593 3314 cum
606 3274 666 3315 uno
681 3251 790 3334 aliquo
805 3249 982 3330 Sociorum,
997 3263 1094 3312 terras
1106 3252 1270 3335 praedictas

114 3339 193 3401 infra
215 3337 367 3403 Walliam
391 3337 440 3399 vel
463 3336 621 3399 marchias
650 3336 791 3416 ejusdem
815 3339 889 3399 sitas
911 3334 1129 3419 supervidebit
1151 3350 1180 3400 et
1202 3338 1270 3401 visi·

114 3425 213 3498 tabit3
244 3423 285 3485 ad
306 3423 392 3506 quod
416 3423 628 3506 praestandum
656 3420 830 3485 Custodem
855 3419 906 3482 vel
930 3421 1185 3502 Vicecustodem,
1211 3425 1270 3487 sub

115 3509 220 3573 debito
240 3510 410 3594 juramenti
430 3522 571 3592 tempore
590 3508 683 3571 officii
705 3507 754 3569 sui
773 3506 919 3594 suscepti,
935 3507 1063 3592 astringi
1087 3518 1116 3569 et
1137 3508 1270 3596 obligari

117 3596 353 3680 interpretamur
366 3607 395 3657 et
410 3594 659 3678 pronuntiamus.

163 3682 212 3748 17.
236 3679 330 3760 Item,
350 3692 387 3743 ut
409 3701 468 3742 non
494 3680 671 3743 necessariis
694 3690 724 3741 et
746 3678 908 3744 excessivis
932 3677 1076 3763 expensis
1100 3681 1159 3744 sub
1179 3681 1271 3744 titulo

115 3790 248 3839 summae
272 3767 481 3850 equitantium
503 3764 660 3847 cludetur,
676 3789 756 3850 quas
778 3765 953 3850 plurimum
974 3766 1108 3828 crevisse
1129 3778 1270 3850 apparet,

116 3866 183 3916 tam
206 3876 244 3917 ex
265 3865 355 3916 aucto
376 3874 505 3915 numero
525 3874 690 3936 equorum,
714 3851 799 3914 ultra
821 3851 1029 3937 provisionem
1053 3853 1163 3915 statuti
1184 3853 1271 3916 inea

118 3951 207 4025 parte
221 3941 304 4013 editi,
322 3961 418 4023 quam
434 3961 471 4001 ex
487 3959 547 4000 non
569 3940 734 4002 necessaria
756 3937 930 4000 detentione
952 3939 1118 4000 eorundem
1134 3938 1272 4002 Londini

117 4048 176 4110 per
190 4026 296 4110 plures
309 4025 387 4104 dies,
401 4047 474 4088 cum
490 4024 660 4088 Custodem
680 4024 728 4087 vel
748 4025 854 4087 Socios
877 4023 991 4086 ibidem
1015 4024 1055 4086 ad
1080 4025 1277 4109 expedienda

117 4112 254 4200 Collegii
278 4136 313 4176 ne
338 4112 400 4175 otia
423 4110 541 4174 diutius
565 4133 747 4195 permanere
773 4108 956 4193 contigerit3
988 4130 1044 4172 nos
1068 4111 1175 4196 igitur,
1196 4109 1272 4175 huic

117 4198 203 4261 malo
231 4135 403 4262 remedium
432 4197 576 4260 adhibere
606 4196 825 4276 desiderantes,
854 4195 1056 4278 pvaecipimus
1083 4208 1113 4259 et
1143 4197 1273 4262 firmiter

118 4285 310 4370 injungendo
336 4284 522 4347 mandamus
546 4306 582 4345 ue
608 4282 754 4367 deinceps
774 4282 860 4344 ultra
882 4291 1019 4365 quatuor
1037 4303 1134 4366 equos
1158 4281 1273 4349 Custos

118 4380 147 4433 et
175 4370 315 4433 Bursarii
339 4382 394 4434 aut
417 4370 471 4433 alii
497 4370 577 4434 Socii
607 4368 674 4432 ullo
698 4368 793 4431 modo
816 4366 850 4429 in
877 4366 1013 4454 Collegii
1035 4368 1159 4432 stabulo
1187 4367 1275 4435 sunt

118 4456 169 4520 vel
192 4457 332 4522 habeant.
379 4457 509 4521 Etcum
532 4457 647 4521 Custos
671 4455 721 4518 vel
743 4454 852 4519 Socius
874 4453 1061 4536 Londinum,
1077 4454 1119 4518 ad
1139 4428 1333 4592 Collo.
