3014 4898
224 272 265 341 78
563 271 622 335 All
636 271 730 339 Souts
747 269 872 356 Collcpe,
892 266 1020 353 Oqford.

223 465 282 506 non
294 444 426 512 solvens,
437 442 555 504 amittat
568 442 647 504 duos
660 441 784 518 solidos,
796 438 891 501 simili
907 439 1003 501 modo
1015 438 1047 499 in
1060 459 1171 501 manus
1185 439 1278 500 unius
1295 439 1377 501 Bur-

222 531 371 591 sariornm
388 528 427 589 ad
447 528 629 589 mandatum
645 525 862 591 Vicecustodis
885 525 1056 602 solvendos,
1077 526 1116 587 ad
1133 546 1225 587 usum
1240 523 1376 608 Collegii

245 615 375 677 raedicti.
416 613 464 677 ‘nt
480 615 562 697 quod
578 613 710 697 quilibet
725 609 899 692 hujusmodi
915 612 994 673 duos
1009 611 1124 674 solidos
1134 610 1179 672 sic
1190 610 1305 673 solvere
1321 634 1378 694 per

223 638 465 764 ilicccustodem
477 697 594 781 jussus,
609 712 640 760 et
656 699 733 761 infra
748 697 882 759 biduum
895 715 955 758 nou
970 696 1101 774 solvens,
1111 697 1233 759 amittat
1247 709 1378 779 quatuor

223 786 347 864 solidos,
371 787 437 868 pari
454 785 558 857 modo,
579 785 619 846 ad
636 783 819 845 mandatum
836 780 982 845 Custodis
1004 783 1034 843 iu
1058 803 1171 843 manus
1187 781 1282 844 unius
1300 784 1376 843 Bur-

224 874 373 934 sariorum
397 871 437 932 ad
464 892 558 933 usum
587 869 666 935 dicti
692 868 829 951 Collegii
856 867 1043 939 solvendos;
1068 881 1100 930 et
1128 869 1213 951 quod
1243 867 1377 951 quilibet

225 957 338 1021 Socius
359 955 407 1018 vel
431 955 579 1018 scholaris
603 977 659 1038 per
680 954 852 1017 Custodem
867 955 907 1017 ad
931 955 977 1016 sic
999 953 1182 1016 solvendum
1199 951 1377 1036 hujusmodi

227 1055 362 1127 quatuor
376 1041 493 1104 solidos
510 1042 691 1114 mulctatus,
713 1050 743 1102 et
762 1041 840 1101 infra
854 1038 1087 1102 hebdomadam
1105 1061 1163 1101 non
1181 1040 1312 1117 solvens,
1336 1039 1377 1100 sit

225 1129 296 1214 ipso
313 1120 391 1190 facto
407 1125 557 1210 expulsus
572 1128 602 1189 in
626 1138 814 1210 perpetuum
832 1126 1003 1188 abeodem
1020 1124 1173 1210 Collegio.
1219 1124 1378 1208 Quodque

224 1215 310 1278 locus
332 1211 408 1295 ejus,
422 1212 463 1275 ab
486 1234 524 1274 eo
543 1213 592 1275 die
614 1234 676 1295 quo
699 1211 745 1273 sic
764 1209 871 1292 jussus
894 1210 1078 1294 hujusmodi
1100 1224 1236 1293 quatuor
1257 1210 1377 1273 solidos

227 1300 354 1370 solvere,
384 1313 420 1360 ut
449 1298 662 1382 praemittitur,
687 1297 855 1383 negaverit,
880 1308 1049 1368 censeatur,
1077 1308 1236 1381 reputetur
1263 1309 1295 1359 et
1324 1297 1375 1373 sit,

226 1408 355 1464 vacuus,
370 1384 412 1447 ad
434 1404 555 1446 omnem
571 1383 725 1459 effectum,
740 1405 779 1445 ac
794 1383 819 1443 si
841 1380 911 1466 ipse
926 1383 969 1445 sic
983 1382 1133 1467 expulsus
1157 1383 1259 1445 locum
1284 1405 1376 1445 suum

227 1485 335 1557 sponte
351 1472 550 1556 resignasset,
567 1491 602 1531 ac
618 1482 759 1533 mortuus
776 1469 892 1531 fuisset.

272 1557 301 1620 2.
333 1557 423 1630 Item,
448 1555 638 1639 injungimus
661 1567 691 1616 et
713 1553 845 1617 firmiter
859 1553 1073 1638 praecipiendo
1087 1558 1275 1618 mandamus
1293 1555 1378 1637 quod

227 1640 343 1705 Custos
358 1641 559 1725 personaliter
576 1640 707 1703 resideat
733 1642 763 1702 in
788 1638 871 1702 dicto
886 1640 1041 1725 Collegio‚
1056 1653 1088 1702 et
1102 1642 1186 1724 quod
1199 1663 1230 1702 se
1246 1661 1306 1701 non
1323 1640 1379 1701 ab·

228 1739 326 1790 santet
351 1728 380 1790 in
405 1748 466 1790 uno
487 1747 565 1788 auno
588 1727 671 1789 ultra
689 1727 826 1811 spatium
850 1725 1010 1810 sexaginta
1027 1726 1149 1788 dierum
1165 1725 1310 1787 continue
1330 1726 1377 1787 vel

229 1812 449 1896 interpolatim,
470 1813 529 1875 nisi
550 1813 581 1873 in
601 1811 781 1874 necessariis
795 1809 932 1896 Collegii
955 1821 1010 1873 aut
1034 1833 1071 1872 ex
1092 1831 1188 1873 causa
1205 1812 1379 1893 approbata

228 1899 400 1960 secundum
429 1898 560 1959 formam
584 1909 775 1960 statutorum.
833 1893 1033 1980 lnjuugentes
1062 1895 1265 1958 nihilominus
1293 1897 1378 1980 quod

225 1982 343 2047 Custos
366 1983 486 2045 nullam
507 1983 619 2046 habeat
639 2004 769 2046 causam
793 1981 997 2066 approbatam
1020 2004 1053 2044 se
1070 1983 1255 2045 absentandi
1270 2006 1289 2043 a
1303 1980 1377 2045 Col·

229 2068 310 2154 legio
325 2069 410 2130 ultra
424 2069 559 2151 spatium
574 2069 706 2130 duorum
721 2068 873 2130 mensium
889 2067 920 2128 in
936 2089 1001 2130 uno
1016 2089 1108 2143 anno,
1121 2082 1236 2151 praeter
1250 2080 1281 2130 et
1296 2068 1379 2130 ultra

229 2156 387 2238 sexaginta
401 2155 468 2216 dies
486 2167 515 2216 et
531 2154 608 2216 alios
623 2155 740 2217 intuitu
755 2155 951 2236 negotiorum
965 2152 1100 2241 Collegii
1115 2154 1176 2215 sibi
1195 2176 1250 2237 per
1264 2165 1380 2216 statuta

229 2261 393 2302 concessos
407 2239 609 2323 (infirmitatis
629 2262 724 2303 cansa
737 2239 890 2302 duntaxat
910 2241 1066 2324 excepta),
1081 2241 1139 2303 sub
1161 2261 1260 2323 poena
1275 2239 1380 2304 exclu-

230 2325 326 2388 sionis
342 2326 382 2387 ab
397 2325 500 2388 officio
515 2325 549 2388 in
565 2339 764 2410 perpetuum.
1148 2383 1155 2388 .

273 2411 303 2475 3.
335 2411 427 2484 Item,
442 2409 638 2498 injungimus
652 2423 683 2474 et
700 2410 832 2474 firmiter
853 2411 1063 2495 praecipiendo
1078 2412 1280 2490 mandamus,
1296 2412 1381 2494 quod

229 2497 357 2580 quilibet
378 2498 554 2561 Sociorium
569 2507 600 2559 et
614 2496 803 2559 scholarium
818 2497 894 2560 dicti
909 2497 1049 2582 Collegii
1065 2499 1189 2559 obediat
1203 2497 1335 2560 Custodi
1351 2507 1382 2559 et

230 2583 301 2644 aliis
323 2582 538 2663 superioribus
558 2582 625 2643 suis
640 2582 851 2651 effectualiter,
870 2583 1042 2643 secundum
1065 2583 1197 2643 formam
1211 2596 1242 2644 et
1257 2584 1381 2666 exigen-

229 2668 307 2728 tiam
322 2676 506 2727 statutorum
522 2665 602 2726 dieti
623 2665 772 2749 Collegii,
795 2666 854 2727 sub
868 2686 965 2746 poena
980 2665 1012 2726 in
1027 2665 1145 2727 eisdem
1159 2667 1285 2727 statutis
1308 2688 1380 2748 spe-

230 2751 362 2815 cificata.
409 2750 522 2812 Stricte
544 2750 756 2834 praecipientes
776 2761 807 2810 et
822 2750 1012 2828 mandantes,
1036 2750 1120 2833 quod
1143 2749 1268 2822 Custos,
1284 2751 1379 2815 Vice-

227 2847 333 2898 custos
353 2845 382 2896 et
405 2832 538 2903 Decaui,
561 2847 653 2917 prout
674 2855 784 2897 eorum
806 2831 974 2915 cujuslibet
989 2836 1085 2919 exigit
1099 2836 1248 2914 officium,
1264 2848 1381 2900 statuta

229 2922 261 2982 in
283 2943 320 2981 ea
342 2932 429 3002 parte
454 2920 539 2981 edita
563 2919 733 3005 diligenter
748 2919 862 3003 exequi
884 2920 1048 2991 curabunt,
1063 2935 1094 2982 et
1111 2942 1224 2982 eorum
1247 2922 1382 3004 quilibet

228 3005 360 3083 curabit,
372 3007 430 3067 sub
442 3026 540 3088 poena
552 3027 659 3067 eorum
673 3005 801 3068 cuilibet
811 3005 938 3068 arbitrio
949 3017 1053 3068 nostro
1064 3005 1243 3091 infligenda,
1256 3009 1382 3091 quoties

229 3113 335 3155 eorum
351 3090 489 3175 aliquem
505 3091 535 3152 in
549 3091 715 3176 praemissis
727 3090 892 3154 remissum
908 3103 963 3154 aut
984 3091 1196 3178 negligentem
1214 3094 1277 3156 lore
1292 3094 1382 3157 nobis

229 3176 411 3241 constiterit.

273 3263 304 3329 4.
329 3261 421 3335 Item,
445 3263 653 3348 praecipimus,
681 3262 827 3340 ulterius,
851 3263 979 3326 firmiter
1008 3274 1040 3325 et
1065 3264 1172 3325 stricte
1195 3262 1381 3351 injungendo

231 3350 430 3428 mandamus,
445 3350 530 3432 quod
552 3350 630 3413 inter
651 3349 762 3412 Socios
784 3360 816 3411 et
839 3349 993 3412 scholares
1007 3348 1087 3412 dicti
1105 3349 1239 3436 Collegii
1254 3352 1382 3435 penitus

230 3448 351 3498 cessent
367 3456 474 3497 omnes
488 3436 647 3515 factiones,
661 3436 872 3507 dissensiones,
883 3433 1105 3517 conjurationes
1118 3446 1211 3520 atque
1225 3439 1381 3501 conventi·

231 3519 322 3597 cula;
346 3531 375 3582 et
389 3522 475 3604 quod
497 3532 608 3584 mutuo
630 3522 743 3584 amoris
757 3532 788 3584 et
812 3523 898 3604 pacis
921 3544 1061 3584 connexu
1083 3545 1150 3584 sese
1173 3523 1328 3610 colligent,
1344 3545 1382 3586 ac

231 3628 343 3690 pacem
358 3619 389 3668 et
404 3608 600 3669 concordiam
625 3608 740 3686 (omnis
764 3607 949 3670 incrementi
971 3607 1104 3691 fontem)
1127 3609 1261 3687 foveant,
1277 3623 1381 3672 ament

231 3703 262 3753 et
284 3690 508 3775 amplexentur,
523 3693 583 3755 sub
599 3714 695 3776 poena
718 3695 826 3755 statuti
847 3695 878 3755 in
894 3695 1154 3757 contravenientes
1177 3694 1256 3755 editi
1280 3695 1310 3756 in
1331 3715 1382 3756 eos

232 3789 341 3838 exacte
357 3779 472 3841 fienda.

276 3863 305 3924 5.
329 3862 422 3940 Item,
430 3862 571 3946 insuper,
582 3861 773 3963 injungimus
789 3874 819 3925 et
835 3866 943 3926 stricte
958 3864 1172 3948 praecipiendo
1182 3863 1380 3935 mandamus

231 3946 317 4029 quod
340 3946 427 4009 Socii
447 3949 527 4010 dicti
546 3948 693 4032 Collegii,
720 3971 827 4011 omnes
850 3961 881 4012 et
906 3948 1028 4034 singuli,
1052 3949 1093 4009 ab
1118 3949 1199 4009 omui
1222 3948 1381 4020 scandalo,

232 4030 407 4105 offensione,
426 4033 555 4120 jurgiis,
577 4034 668 4106 odiis,
691 4035 969 4118 provocationibus,
990 4033 1074 4111 rixis,
1091 4032 1299 4105 contumeliis,
1313 4056 1382 4097 nec·

232 4137 291 4178 non
314 4124 347 4179 et
368 4119 467 4181 verbis
490 4120 707 4203 opprobriosis,
724 4120 758 4182 in
783 4121 921 4182 futurum
947 4142 979 4181 se
1006 4119 1169 4181 refraenent
1193 4131 1287 4202 atque
1310 4121 1382 4185 abs-

233 4201 361 4268 tineent,

277 4287 307 4349 6.
335 4287 429 4354 Item,
445 4289 646 4372 praecipimus
661 4291 765 4363 etiam,
781 4302 812 4353 et
834 4291 965 4354 firmiter
977 4287 1166 4374 injungendo
1182 4292 1383 4373 mandamus,

233 4374 319 4457 quod
342 4373 429 4434 Socii
444 4389 477 4435 et
492 4375 649 4437 scholares
664 4377 805 4458 praedicti
824 4400 843 4438 a
857 4377 1149 4460 compotationibus,
1163 4377 1381 4463 ingurgitatio·

233 4459 334 4538 nibus,
349 4460 500 4544 crapulis,
512 4461 724 4540 ebrietatibus,
736 4484 773 4526 ac
788 4462 863 4526 aliis
878 4462 1054 4527 enormibus
1070 4476 1099 4527 et
1113 4463 1279 4528 excessivis
1297 4486 1381 4531 com·
