3014 4898
494 225 736 308 Irpnuctionsof
756 225 891 290 Visitors.
1223 223 1266 286 89

116 397 221 473 moda,
238 420 309 479 quae
325 394 438 479 alioqui
456 393 602 493 prasenti
616 405 645 455 et
661 393 801 478 gnaviter
818 392 911 461 literis
925 413 1052 479 operam
1067 393 1154 457 danti
1169 393 1264 457 debe·

117 500 217 559 antur,
234 484 315 544 bona
331 482 393 543 lide
408 482 440 542 in
455 481 539 542 illius
554 501 646 541 usum
661 479 768 543 cedere
783 477 937 540 volumus.

159 567 211 632 39.
236 567 511 639 Cancellariatum,
529 563 873 633 Vicecancellariatum,
899 564 1143 629 Procuratorum
1158 566 1264 627 omnia

115 664 146 719 et
157 676 333 737 praeconum
348 654 457 729 officia,
468 652 598 735 turpiter
614 651 725 734 emptis
741 650 906 712 lromintim
922 650 1088 736 suffragiis,
1106 674 1126 713 a
1140 652 1266 715 nemine

117 762 253 822 unquam
278 740 386 805 ambiri
411 738 562 802 volumus.
610 735 762 819 Quisquis
787 747 892 799 autem
916 737 1054 800 ambitus
1076 736 1263 820 postulatur,

116 846 173 888 nec
197 826 288 888 habet
312 825 395 886 unde
411 848 443 887 se
467 822 586 886 crimini
610 822 738 898 eximat,
754 823 794 884 ab
809 844 846 886 eo
862 823 1049 906 magistratu
1065 845 1157 906 quem
1172 822 1266 889 malis

112 912 233 974 'artibus
248 911 304 974 sibi
319 931 502 994 comparare
517 909 631 973 studuit
646 920 795 991 perpetuo
811 924 967 972 arceatur.

159 996 212 1060 40.
236 997 380 1079 siquem
407 995 502 1080 Regis
526 993 737 1061 munificentia
761 993 801 1055 ad
825 994 949 1076 aliquod
975 993 1134 1077 publicum
1154 995 1264 1080 praele-

117 1082 211 1171 geudi
240 1104 354 1143 munus
381 1081 528 1157 invitavit,
544 1079 637 1156 buno,
655 1081 706 1142 ubi
728 1095 891 1162 pertaesum
912 1090 958 1142 est
983 1080 1103 1158 laboris,
1120 1081 1264 1148 nolumus
1365 1097 1369 1104 '

115 1168 263 1233 vicarium
286 1168 342 1231 sibi
363 1167 556 1240 constituere,
581 1175 617 1227 ut
641 1179 799 1229 reservata
822 1166 879 1228 sibi
900 1187 1016 1250 magna
1032 1164 1153 1230 salariae
1179 1180 1266 1251 parte

115 1251 324 1319 Academiam
354 1251 486 1319 deserat.
534 1251 625 1328 Quod
650 1251 678 1313 si
709 1250 796 1320 facit,
823 1252 852 1313 si
878 1273 948 1334 quae
971 1251 1090 1334 privata
1114 1263 1204 1334 pacta
1226 1253 1267 1319 ds

116 1338 284 1404 dividendo
300 1339 378 1400 inter
393 1361 424 1401 se
439 1337 599 1421 stipendio
614 1334 796 1406 inciderint,
811 1337 902 1400 irrita
924 1336 1156 1409 essevolumus,
1172 1338 1266 1422 eique

116 1424 294 1486 universam
319 1424 493 1488 mercedem
517 1421 651 1506 persolvi
677 1444 773 1505 aquo
796 1423 899 1486 omnis
921 1422 954 1488 iu
977 1445 1016 1487 ea
1035 1441 1074 1485 're
1098 1421 1187 1490 labor
1211 1448 1265 1491 ex-

120 1509 266 1575 antlatur.

158 1595 212 1658 4l.
240 1593 438 1659 Baccalaurei
452 1593 578 1670 artium,
604 1615 710 1657 cuma
733 1592 884 1677 susceptis
905 1592 1045 1678 insigniis
1067 1594 1203 1660 convivio
1218 1595 1266 1661 vel

115 1681 165 1743 sui
182 1682 228 1743 vel
244 1681 377 1743 alterius
393 1678 533 1764 Collegii
550 1679 693 1743 homines
714 1679 753 1744 de
769 1701 855 1741 more
870 1679 1005 1763 recipere
1028 1697 1187 1764 coguntur,
1202 1703 1262 1747 nou

115 1767 198 1829 ultra
226 1789 364 1832 marcam
397 1776 565 1828 nostratem
595 1767 758 1829 insumant.
812 1765 958 1848 Magistri
989 1766 1112 1842 artium,
1144 1765 1262 1851 legum,

116 1874 248 1917 sacraene
262 1850 426 1938 theologiae
443 1849 662 1928 Baccalaurei,
678 1873 748 1914 cum
765 1850 853 1915 idem
870 1850 996 1926 faciunt,
1013 1872 1072 1913 non
1087 1851 1169 1916 ultra
1184 1853 1264 1917 duas

115 1960 247 2002 marcas.
293 1938 455 2001 Postremo
470 1937 632 2013 Doctores,
653 1937 865 2020 cujuscunque
886 1935 1000 1999 fuerint
1022 1936 1182 2016 facultatis,
1201 1959 1262 2002 non

116 2025 199 2087 ultra
216 2023 426 2109 quadraginta
442 2021 560 2085 solidos
575 2022 757 2106 expendent.

159 2108 212 2172 42.
236 2107 326 2172 Unus
340 2131 379 2171 ex
393 2107 495 2172 Sociis
511 2122 663 2191 perpetuo
681 2108 869 2173 Hibernicus
885 2119 961 2172 esto.

158 2195 213 2259 43.
237 2193 317 2256 Haec
334 2206 439 2256 nostra
452 2195 574 2256 decreta
587 2193 635 2254 bis
647 2215 667 2254 a
681 2194 766 2255 vobis
781 2193 914 2255 describi
934 2191 1143 2270 mandamus;
1167 2215 1264 2260 unum

115 2279 273 2361 exemplar
297 2280 327 2342 in
346 2280 423 2341 cista
449 2277 576 2362 publica
598 2280 692 2361 probe
709 2279 867 2351 asservari,
883 2278 1016 2344 alterum
1029 2279 1061 2341 in
1083 2279 1196 2354 sacello
1214 2281 1267 2366 (ut

116 2363 311 2427 scholasticis
325 2361 473 2428 omnibus
488 2363 585 2426 lacilis
601 2363 640 2424 sit
656 2363 815 2447 accessus)
830 2375 982 2445 prostare,
998 2362 1150 2427 volumus.

51 2463 54 2469 ’
158 2450 212 2513 44.
236 2449 325 2513 Juris
340 2449 436 2512 civilis
461 2447 608 2513 lectorem
624 2447 766 2511 volumus
791 2472 828 2511 ea
853 2449 1013 2532 perlegere
1029 2470 1100 2530 quae
1123 2449 1265 2516 maxima

115 2558 189 2619 pars
205 2533 272 2617 ejus
294 2534 435 2619 Collegii
460 2534 665 2597 civilistarum
681 2534 738 2596 sibi
760 2534 918 2618 explicari
932 2532 1023 2597 volet.
1070 2531 1108 2595 Iu
1122 2535 1265 2618 disputa-

116 2621 250 2686 tionibus
261 2618 457 2702 juventutem
472 2632 625 2684 exerceat.
658 2617 689 2681 A
700 2621 829 2703 prandio
844 2620 921 2681 bora
933 2629 1043 2701 quarta
1053 2633 1185 2702 repetant
1197 2644 1266 2704 qum

117 2720 187 2771 ante
202 2707 369 2793 prandium
386 2707 465 2769 lecta
479 2718 561 2776 sunt.
607 2704 765 2768 Salarium
780 2717 846 2769 esto
856 2705 1017 2789 quotannis
1028 2719 1164 2788 quatuor
1177 2707 1266 2773 librae

117 2804 281 2855 nostrates.

159 2878 211 2942 45.
237 2879 426 2942 Profiteatur
440 2891 470 2940 et
485 2878 575 2954 alius,
593 2877 633 2941 ad
649 2877 726 2941 hanc
742 2898 808 2939 rem
832 2877 969 2953 idoneae,
990 2875 1128 2962 logicam
1145 2889 1174 2943 et
1190 2877 1266 2962 phi-

115 2963 293 3048 losophiam
316 2965 505 3030 naturalem.
551 2963 751 3036 Quotidianae
766 2962 844 3025 fiant
867 2972 901 3025 ut
924 2963 1154 3045 disputationes
1168 2977 1200 3026 et
1216 2987 1266 3028 re-

116 3051 288 3131 petitiones.
327 3051 422 3113 Hunc
437 3051 548 3113 audiat
560 3048 718 3131 juventus,
735 3070 772 3109 ea
786 3069 858 3132 pars
873 3071 943 3130 qoae
959 3050 1075 3111 artibus
1090 3071 1146 3112 sua
1162 3052 1267 3118 studia

115 3135 295 3199 destinavit:
322 3138 360 3199 ab
377 3138 443 3198 istis
459 3135 597 3199 vicissim
613 3135 716 3218 exigat
740 3133 793 3195 ille
809 3135 918 3197 omnia
942 3132 1199 3202 scholasticorum
1214 3159 1267 3200 ex.

115 3223 228 3285 ercitia.
273 3221 434 3284 Salarium
456 3233 519 3286 esto
535 3221 702 3303 quotannis
718 3233 851 3301 quatuor
865 3220 959 3283 librae.

159 3390 346 3454 Visitatores
372 3390 470 3474 Regii
493 3391 524 3452 in
550 3387 642 3467 1549,
665 3390 757 3452 tertio
783 3387 928 3450 Edwardi
957 3387 1053 3465 Sexti,
1080 3401 1178 3467 erant,
1203 3391 1262 3456 Jo-

115 3476 228 3538 hanues
254 3476 396 3561 Dudley,
414 3475 529 3541 Comes
546 3474 768 3545 Warwicensis,
786 3472 971 3536 Vicecomes
986 3473 1105 3546 Leslie,
1124 3475 1263 3558 Magnus

117 3562 249 3646 Angliae
280 3561 492 3634 Camerarius,
523 3561 676 3626 Henricus
699 3559 877 3630 Holbeacb,
904 3559 1081 3642 Episcopus
1105 3560 1266 3627 Lincolui-

116 3648 209 3725 ensis,
242 3646 394 3710 Nicbolas
422 3647 514 3717 Hiat,
542 3647 712 3730 Episcopus
739 3645 918 3724 Rochester,
945 3645 1127 3709 Gulielmus
1154 3647 1200 3709 Pa
1223 3660 1262 3721 et,

117 3732 225 3807 Miles,
253 3733 378 3798 familiae
409 3732 501 3817 regiae
528 3730 803 3810 Contralotulator,
828 3730 1007 3794 Gulielmus
1027 3731 1131 3804 Petre,
1156 3672 1264 3810 Miies,

116 3824 234 3902 primus
250 3819 349 3905 Regis
364 3818 565 3891 Secretarius,
583 3819 740 3881 Ricardus
756 3817 833 3890 Cox,
850 3817 941 3879 AEdis
964 3817 1082 3879 Christi
1105 3818 1263 3897 Decanus,

119 3906 389 3991 Eleemosynarius
415 3904 545 3990 Regius,
574 3903 681 3968 Simon
712 3900 850 3985 Haynes,
880 3900 1036 3966 Ecclesiae
1069 3903 1265 3967 Cathedralis

118 3991 253 4058 Exoniae
285 3992 438 4070 Decanus,
473 3989 717 4074 Christopberus
744 3988 920 4067 Nevenson,
952 3987 1081 4068 LL.D.,
1108 3989 1264 4055 Ricardus

120 4077 282 4162 Moryson,
297 4077 460 4164 Armiger.

453 4185 666 4270 Antiquitates
684 4182 809 4249 Osoniae
820 4207 882 4270 pro
897 4207 975 4251 anno
994 4181 1086 4264 1549,
1097 4208 1132 4270 p.
1149 4187 1223 4254 268.
