3014 4898
365 299 503 388 staua
516 320 624 405 aaa
638 317 729 385 sona
744 318 870 404 aaa,
893 318 1023 406 ossae.
1228 294 1278 387 a's

122 505 200 555 tunc
214 496 356 580 proximo
371 494 422 556 die
445 490 549 555 feriali
573 491 753 555 immediate
776 503 929 576 sequente,
945 513 1050 556 coram
1066 493 1189 557 duobus
1201 495 1276 558 bur-

121 580 222 654 seriis,
239 582 265 645 si
282 592 448 666 praesentes
464 579 589 651 suerint,
604 578 743 662 alioquin
758 597 864 640 coram
885 599 948 640 uno
967 601 1084 649 eorum,
1099 581 1133 642 in
1150 580 1275 663 scriptis

123 665 256 730 fideliter
285 680 447 751 computet
477 666 516 728 de
555 664 701 727 omnibus
740 664 956 748 emptionibus,
987 665 1215 756 provisionibus
1244 679 1275 729 et

121 753 276 836 expensis,
291 752 381 816 illius
397 752 586 837 septimanae,
604 750 771 835 sigillatim
785 750 920 833 qualibet
935 752 987 814 die
1000 752 1099 815 lactis.

132 958 216 1044 Cap.
239 961 385 1031 ta-Dc
398 964 514 1029 lectura
525 960 651 1031 Biatia,
666 981 705 1024 oc
717 960 836 1024 silentio
849 959 972 1029 taendo
987 962 1020 1028 in
1033 961 1117 1040 aula,
1133 971 1161 1026 et
1174 982 1260 1028 utoro

367 1047 583 1132 nonfacienda
593 1055 663 1131 post
678 1047 851 1130 refectiones
864 1047 898 1114 in
913 1047 1024 1110 codem

164 1182 254 1260 Item,
270 1184 452 1262 statuimus,
466 1181 651 1245 ordinamus
669 1194 698 1244 et
714 1181 865 1253 volumus,
889 1181 974 1265 quod
990 1204 1096 1246 omnes
1109 1194 1139 1243 et
1153 1183 1274 1268 singuli
1286 1196 1358 1244 niblo
1369 1195 1468 1259 ending

121 1267 221 1348 Socii,
237 1268 394 1333 scholares
409 1291 447 1332 ac
463 1267 621 1356 capellani
644 1268 776 1352 capel-la
798 1268 876 1334 dicti
899 1268 1050 1358 collegii,
1074 1269 1211 1332 sedentes
1233 1271 1273 1331 ad
1284 1267 1309 1309 at
1320 1260 1411 1310 ‘5⁰⁰²‘-

120 1376 260 1418 mensam
285 1355 318 1417 in
346 1355 419 1418 aula
445 1352 597 1438 ejusdem,
620 1353 756 1438 singulis
776 1354 905 1430 diebus,
928 1353 961 1416 in
976 1355 1121 1439 prandio,
1139 1355 1272 1419 habeant

123 1441 266 1503 Bibliam
281 1442 332 1503 vel
348 1441 448 1505 alium
465 1462 563 1502 sacrae
579 1439 739 1522 scripturae
753 1438 872 1503 librum
888 1441 1004 1502 lectum
1020 1462 1122 1504 coram
1140 1441 1199 1517 eis,
1217 1464 1273 1526 per

120 1547 219 1588 unum
250 1525 401 1589 clericum
428 1523 566 1611 capellae,
598 1537 651 1586 aut
682 1524 851 1589 scholarem
881 1525 927 1588 vel
957 1525 1085 1589 Socium
1117 1549 1175 1590 non
1202 1549 1273 1612 gra·

120 1612 251 1673 duatum
267 1609 409 1695 ejusdem
425 1610 576 1696 collegii,
591 1611 621 1672 si
634 1611 735 1673 visum
759 1612 852 1674 fuerit
875 1611 916 1673 ad
940 1611 998 1674 hoc
1020 1634 1075 1696 per
1099 1612 1272 1677 Custodem

120 1698 169 1760 vel
185 1697 432 1777 Vicecustodem,
457 1697 492 1759 in
512 1695 580 1780 ejus
603 1696 753 1770 absentia,
776 1697 959 1782 septimanis
983 1697 1119 1784 singulis
1144 1698 1272 1762 indiffe-

120 1795 222 1844 renter
237 1784 462 1871 deputandum.
507 1781 571 1846 cui
594 1782 720 1846 lectura
745 1804 853 1847 omnes
879 1782 978 1853 Socii,
1005 1797 1036 1844 et
1061 1783 1218 1847 scholares
1242 1797 1273 1848 et

120 1870 286 1953 capellani,
303 1871 362 1933 sub
377 1869 507 1933 silentio
522 1870 716 1953 expulantes,
731 1869 901 1956 diligenter
916 1869 1096 1946 intendartt3
1114 1870 1272 1933 audienti·

120 1977 234 2041 amque
260 1956 385 2019 lecturae
415 1954 599 2038 hujusmodi
628 1977 686 2040 per
712 1957 926 2028 verbositates,
952 1954 1081 2034 fabulas,
1109 1956 1270 2034 clamores,

122 2041 215 2107 risus.
245 2042 523 2116 murmurationes,
552 2042 604 2104 vel
635 2042 790 2104 tumultus
818 2042 899 2104 alios
933 2042 1136 2121 inordinatos,
1172 2042 1271 2106 aliove
1282 2044 1331 2092 Ure
1343 2044 1371 2091 οἵ
1379 2042 1450 2121 Latin
1458 2044 1473 2093 1¹

116 2128 333 2211 quovismodo,
359 2150 420 2191 non
443 2127 630 2211 impediant.
676 2127 760 2190 Ourn
785 2149 857 2192 vero
883 2126 972 2214 loqui
996 2140 1050 2190 aut
1066 2126 1201 2210 colloqui
1217 2115 1452 2191 eos⁰⁰¹¹'“⁸²⁸¹⁰⁰·

118 2214 289 2296 contingat,
300 2224 366 2276 tam
383 2214 415 2276 in
430 2212 512 2286 aula,
530 2235 647 2284 mensa,
663 2234 760 2297 quam
775 2213 809 2275 in
826 2214 971 2286 cameris,
986 2213 1121 2297 capella,
1144 2225 1175 2275 et
1190 2213 1271 2276 alibi

119 2297 200 2360 inira
216 2299 317 2381 ipsius
340 2298 483 2383 Collegii
506 2297 649 2361 clausum
671 2311 726 2362 aut
752 2300 878 2363 hortum
903 2297 1054 2381 ejusdem,
1080 2298 1270 2383 ubicunque,

119 2383 260 2446 modesto
281 2399 312 2446 et
335 2385 450 2447 curiali
472 2384 566 2448 modo
588 2384 762 2468 loquantur,
788 2408 826 2447 ac
847 2383 964 2447 Latino
980 2387 1119 2447 fruantur
1134 2384 1269 2467 eloquio,

115 2469 182 2531 nisi
197 2471 238 2531 ad
254 2469 343 2532 aliud
358 2470 480 2534 idioma
493 2482 719 2549 extraneorum,
738 2468 786 2533 vel
805 2471 960 2533 laicorum
976 2469 1141 2555 prasentia
1160 2492 1215 2532 seu
1230 2493 1268 2533 ex

118 2555 180 2617 alia
202 2578 298 2617 causa
321 2554 515 2628 rationabili,
540 2557 740 2640 rugebuntur.
788 2556 969 2643 Nullusque
991 2557 1133 2639 ipsorum
1158 2556 1267 2627 alium,
1281 2572 1473 2636 Interruptionot

119 2640 151 2702 in
175 2641 244 2724 ipso
265 2641 416 2727 Collegio·
434 2640 611 2703 studentem
634 2663 686 2703 seu
707 2643 834 2704 studere
856 2641 1025 2710 volentem,
1049 2665 1068 2707 a
1088 2642 1191 2704 studio
1207 2637 1393 2714 vegetantem.

117 2726 322 2791 dormitionis
337 2739 476 2809 tempore
492 2747 641 2810 congruo,
657 2749 677 2789 a
693 2726 883 2791 dormitione
897 2727 946 2790 vel
963 2727 1079 2811 quiete,
1096 2749 1150 2813 per
1165 2726 1266 2804 ludos,

118 2813 272 2876 tumultus
294 2825 348 2876 aut
362 2810 518 2897 strepitus,
541 2814 590 2874 vel
614 2836 670 2897 per
691 2813 757 2876 alia
780 2814 861 2876 lacta
884 2835 1085 2899 quacunque,
1111 2810 1268 2896 impediat

117 2899 334 2984 quovismodo.
379 2898 543 2983 Alioquin,
560 2898 589 2960 si
606 2921 785 3000 quenquam
809 2899 999 2962 scholarium
1020 2911 1075 2969 aut
1101 2897 1266 2964 Sociorum
1277 2910 1405 2968 Penuria.

119 2984 356 3068 praedictorum,
368 2997 449 3069 post
473 2984 721 3068 publicationem
743 2986 842 3054 nostri
866 2986 987 3056 statuti,
1002 3007 1099 3068 quam
1115 2985 1184 3049 loco
1199 3006 1282 3048 ῐιιο-Ι

119 3071 248 3134 nitionis
264 3072 414 3157 legitimae
428 3072 462 3133 in
481 3071 540 3132 hoc
560 3093 637 3134 casu
661 3072 769 3134 haberi
791 3071 945 3144 volumus,
970 3071 1003 3133 ln
1024 3071 1196 3155 praemissis
1217 3071 1266 3135 vel

115 3176 224 3220 eorum
240 3157 349 3242 aliquo
363 3179 451 3219 reum
464 3156 633 3239 contigerit
648 3157 789 3240 reperiri,
801 3156 1014 3245 cujuscunque
1028 3168 1136 3230 status,
1152 3157 1266 3242 gradus

117 3256 170 3305 aut
195 3243 399 3313 conditionis,
422 3243 546 3319 existat,
564 3264 633 3326 ,pro
657 3244 763 3327 prima
784 3243 852 3307 vice
876 3266 932 3327 per
959 3264 1058 3313 unum
1082 3241 1180 3317 diem,
1208 3265 1265 3331 pro

118 3331 256 3392 secunda
270 3329 339 3391 vice
353 3351 410 3411 per
423 3328 500 3390 duos
523 3327 601 3399 dies,
625 3350 682 3411 pro
706 3329 800 3390 tertia
823 3329 892 3391 vice
915 3350 973 3419 per
993 3340 1054 3391 tres
1077 3327 1153 3399 dies,
1177 3350 1263 3391 corn·

114 3414 225 3475 *munis
253 3415 318 3477 suis
347 3414 504 3498 privatum
533 3413 601 3498 qui,
631 3413 658 3474 si
683 3425 793 3497 postea
820 3414 855 3474 in
881 3413 1056 3496 praemissis
1080 3412 1130 3475 vel
1155 3434 1263 3477 eorum

114 3497 229 3581 aliquo
258 3499 427 3582 culpabilis
456 3499 597 3561 inventus
628 3498 721 3563 suerit
752 3499 927 3568 manifeste,
957 3518 1055 3581 poena
1082 3495 1264 3580 hujusmodi

118 3584 268 3667 deinceps
289 3583 393 3647 debite
415 3595 609 3669 aggravetur.
654 3583 694 3648 Et
716 3583 774 3656 sic,
797 3583 967 3646 secundum
991 3582 1211 3646 discretionem
1234 3593 1264 3644 et

119 3671 364 3733 moderationem
378 3669 529 3732 Custodis
542 3682 572 3732 et
586 3669 711 3733 Decani
724 3669 883 3732 facultatis
905 3670 950 3732 sio
968 3668 1187 3754 delinquentis,
1201 3668 1262 3747 vel,

118 3756 154 3817 in
168 3756 320 3820 Custodis
334 3756 484 3833 absentia,
501 3755 715 3820 Vicecustodis
728 3766 758 3818 et
776 3755 899 3819 Decani
920 3754 1078 3817 facultatis
1101 3753 1148 3818 sic
1166 3753 1263 3815 delin-

118 3843 242 3927 quentis
267 3842 419 3927 praedicti,
441 3842 474 3903 in
498 3842 559 3904 hoo
577 3863 653 3904 casu
668 3841 792 3928 gravius
808 3852 838 3905 et
890 3842 976 3903 avius
991 3841 1146 3924 puniatur.
1191 3839 1458 3906 Sta-Rttttssinlsssin

119 3941 253 4007 tuentes,
267 3940 427 4014 praterea,
443 3940 473 3989 et
487 3929 583 3990 etiam
598 3927 775 3990 ordinantes
790 3862 890 4011 quod,¹
901 3926 1033 4012 singulis
1047 3925 1170 4004 diebus,
1193 3935 1262 4009 post
1275 3907 1419 4020 fflffi}

120 4016 288 4096 prandium
313 4027 343 4078 et
367 4036 499 4085 coenam,
526 4014 686 4100 persoluta
710 4013 801 4097 prius
830 4013 1003 4076 Altissimo
1028 4034 1086 4095 pro
1111 4011 1266 4094 susceptis
1274 4051 1370 4101 ruppe.

115 4102 287 4185 gratiarum
310 4102 442 4172 actione,
467 4101 536 4164 sine
557 4100 710 4183 temporis
730 4100 899 4171 intervallo,
913 4114 989 4183 potu
1006 4098 1144 4167 caritatis
1156 4097 1264 4168 bibere

119 4186 293 4249 volentibus
317 4187 509 4263 ministrato,
533 4199 562 4249 et
585 4199 653 4270 post
672 4185 846 4269 potationes
867 4185 900 4247 in
915 4184 998 4256 aula,
1016 4183 1091 4246 hora
1105 4182 1265 4267 ignitegii,

119 4274 252 4336 seniores
265 4273 391 4356 singuli,
407 4272 619 4358 cujuscunque
635 4283 733 4334 status
747 4280 804 4334 aut
821 4272 937 4358 gradus
953 4270 1077 4338 luerint,
1101 4268 1142 4330 ad
1157 4268 1266 4331 studia

120 4379 177 4419 sua
194 4358 242 4420 vel
259 4357 327 4422 loca
341 4360 402 4421 alia
424 4360 501 4421 infra
517 4358 691 4445 Collegium
707 4381 739 4420 se
754 4357 946 4429 transferant,
971 4379 1026 4419 nec
1037 4354 1174 4439 juniores
1188 4351 1267 4415 ahos
1287 4363 1293 4371 '
1325 4416 1359 4436 ν,

119 4443 238 4505 ibidem
254 4465 374 4506 moram
391 4446 489 4508 iacere
504 4444 633 4510 ulterius
651 4445 846 4528 permittant3
871 4444 928 4504 nisi
951 4445 980 4505 in
1004 4439 1089 4504 festis
1114 4439 1267 4523 principa·
1303 4438 1338 4523 ,j

116 4528 197 4594 libus
210 4540 241 4593 et
254 4529 338 4591 iestis
352 4530 524 4616 ntajoribus
538 4532 726 4618 duplicibus,
740 4542 772 4593 et
783 4531 845 4594 nisi
861 4530 988 4614 quando
1004 4525 1131 4591 consilia
1146 4524 1267 4597 domus,
1296 4462 1403 4652 Ι

653 4613 717 4703 (r.)
1079 4610 1145 4676 ea
