3014 4898
217 255 238 316 e
638 248 975 341 Attsounconyess

218 426 327 490 dimus
357 447 413 510 per
443 434 624 509 praesentes,
658 424 819 511 perpetuis
853 424 1050 510 temporibus
1087 424 1261 490 duraturas.
1322 425 1367 487 Et

219 511 362 583 ulterius,
376 513 414 574 de
437 511 575 575 uberiori
600 509 705 597 gratia
727 523 840 588 nostra,
856 512 1069 574 concessimus
1089 510 1207 574 eisdem
1231 510 1366 575 Custodi

218 609 249 660 et
269 598 423 684 Collegio,
439 609 470 661 et
493 598 728 662 successoribus
751 596 818 660 suis
841 596 1083 683 imperpetuum,
1108 598 1202 682 quod,
1225 597 1366 680 quoties·

219 706 340 768 cunque
354 697 385 747 et
405 684 654 768 quandocunque
672 682 852 770 Collegium
868 683 960 757 illud,
977 684 1088 747 futuris
1104 684 1311 768 temporibus
1327 681 1366 743 de

219 769 372 848 Custode,
386 785 445 856 per
459 780 599 842 mortem,
616 769 801 847 cessionem,
816 769 1025 854 privationem
1041 791 1096 832 seu
1113 769 1366 856 resignationem,

218 870 274 920 aut
298 855 364 918 elio
386 857 479 921 modo
504 877 697 940 quocunque,
717 877 830 918 vacare
853 856 1030 942 contigerit,
1058 855 1180 919 residui
1206 853 1366 917 scholares

218 941 360 1026 ejusdem
379 940 524 1025 Collegij,
542 963 600 1026 pro
619 953 761 1025 tempore
784 941 908 1005 ibidem
926 942 1079 1028 degentes,
1095 941 1230 1004 babeant
1250 954 1280 1003 et
1294 963 1367 1025 per-

218 1030 341 1113 cipiant
371 1028 552 1091 omnimode
581 1028 709 1098 fructus,
731 1028 872 1112 proficua
894 1041 925 1091 et
947 1027 1170 1105 emolumenta,
1196 1028 1237 1089 de
1267 1027 1365 1106 terris,

218 1114 411 1185 tenementis,
443 1112 628 1187 redditibus,
661 1113 797 1177 servitiis
828 1126 858 1176 et
892 1114 1044 1184 rectoriis
1074 1125 1105 1176 et
1138 1113 1215 1176 aliis
1245 1134 1367 1195 posses·

219 1200 365 1264 sionibus
393 1200 635 1285 quibuscunque
659 1198 800 1283 ejusdem
826 1199 974 1285 Collegii,
1002 1222 1059 1264 seu
1088 1199 1192 1262 eidem
1223 1198 1365 1283 Collegio

218 1287 449 1372 spectantibus,
463 1286 595 1349 durante
619 1284 803 1369 hujusmodi
825 1287 988 1349 vacatione
1009 1284 1233 1370 provenientia,
1258 1307 1366 1347 secun·

219 1375 295 1436 dum
310 1372 522 1435 ordinationes
544 1384 575 1434 et
599 1381 715 1435 statuta
737 1372 889 1456 praedicta
908 1371 1114 1456 disponenda,
1130 1393 1211 1456 quae,
1226 1383 1366 1455 tempore

218 1482 257 1522 ac
273 1459 394 1522 ratione
408 1456 592 1541 hujusmodi
606 1459 791 1529 vacationis,
806 1459 848 1520 ad
863 1480 920 1522 nos
935 1459 983 1521 vel
1005 1458 1144 1521 haeredes
1161 1469 1280 1520 nostros
1296 1479 1366 1541 per-

217 1546 318 1609 tinent
346 1567 401 1607 seu
430 1544 586 1628 pertinere
614 1555 759 1628 poterunt
786 1545 971 1625 infuturum,
999 1546 1117 1629 absque
1140 1555 1287 1626 compoto
1310 1567 1366 1606 seu

217 1632 321 1716 aliquo
335 1630 399 1693 alio
415 1631 507 1694 nobis
517 1629 565 1692 vel
580 1631 757 1696 lraeredibus
770 1632 887 1696 nostris
902 1630 981 1695 inde
995 1631 1160 1695 reddendo.
1206 1629 1257 1693 Ita
1270 1631 1364 1713 qnod,

218 1739 273 1780 nos
287 1728 317 1780 et
330 1717 466 1780 haeredes
486 1717 584 1779 nostri
603 1718 644 1780 ab
666 1717 755 1781 omni
777 1718 935 1791 custodia,
951 1718 1070 1780 seisina
1086 1739 1140 1780 seu
1155 1717 1364 1800 possessione,

217 1802 360 1887 ejusdem
380 1800 527 1887 Collegij,
542 1813 595 1865 aut
610 1814 772 1876 terrarum,
787 1815 1040 1875 tenementorum,
1060 1804 1251 1878 reddituum,
1267 1803 1366 1866 servi-

215 1891 343 1968 tiorum,
371 1889 574 1952 rectoriarum
612 1899 643 1952 et
677 1890 812 1952 aliarum
850 1890 1085 1974 possessionum
1114 1910 1367 1975 quarumcunque

216 1974 356 2059 ejusdem
387 1973 533 2060 Collegij,
558 1998 613 2038 seu
645 1974 749 2039 eidem
779 1978 1003 2060 spectantium,
1031 1977 1160 2040 durnnte
1185 1973 1367 2058 hujusmodi

215 2060 394 2140 vacatione,
426 2061 527 2123 simus
560 2062 680 2124 exclusi
714 2061 961 2147 imperpetuum,
991 2085 1048 2147 per
1086 2072 1266 2147 praesentes.
1326 2059 1367 2124 In

217 2147 318 2232 cujus,
334 2158 393 2212 etc.
438 2146 536 2210 Teste
558 2146 657 2235 Rege,
681 2151 767 2234 apud
786 2150 961 2216 manerium
986 2173 1079 2213 suum
1102 2149 1143 2213 de
1168 2148 1366 2234 Kenyngton,

219 2234 370 2299 vicesimo
383 2232 436 2297 die
450 2231 546 2318 Maij.

262 2347 331 2411 Per
345 2347 430 2410 beve
439 2346 476 2412 de
483 2347 609 2432 privato
623 2348 736 2433 riqillo.
