3014 4898
248 291 294 369 40
498 287 637 355 Statutes
651 291 690 374 of
698 289 757 353 All
771 289 864 358 sorta
880 290 1006 378 Oollcpo,
1029 291 1158 376 Oaesord.

252 460 470 546 approbando,
499 459 653 524 lecturam
679 460 783 524 libelli
808 459 1050 527 Institutionum
1075 484 1132 546 pro
1155 463 1255 524 forma
1276 461 1404 525 realiter

253 571 315 610 non
333 547 505 631 inceperit;
529 547 613 609 infra
628 548 769 632 quinque
784 569 882 611 annos
897 563 1008 611 extunc
1025 548 1211 611 immediate
1227 560 1402 634 sequentes,

253 635 394 696 volumus
409 647 439 695 et
462 634 627 696 statuimus
641 635 749 698 debere
764 635 805 696 ad
827 634 1035 697 sacerdotium
1050 634 1235 718 promoveri.
1280 634 1314 699 Si
1329 656 1403 699 vero

253 719 432 803 hujusmodi
450 717 670 782 baccalaureus
693 721 823 784 ulterius
847 723 880 784 in
898 720 970 805 jure
985 720 1065 783 civili
1088 721 1212 784 studere
1229 720 1311 793 velit,
1334 733 1401 783 tum

250 829 334 879 eunt,
349 807 453 869 statim
468 818 539 889 post
553 806 688 892 gradum
712 806 890 889 hujusmodi
912 806 1168 871 baccalaureatns
1191 807 1222 868 in
1232 805 1305 889 jure
1319 806 1401 872 civili

250 915 305 977 per
319 915 392 956 eum
417 914 522 954 assum
545 904 624 970 tum,
640 893 719 956 inlra
735 915 788 955 sex
811 914 932 956 menses
957 894 1100 957 cotrtinue
1125 893 1343 968 numerandos,
1359 894 1399 957 ad

251 980 403 1042 lecturam
423 977 499 1040 libri
523 916 766 1050 institutionum,
781 1001 819 1041 ac
843 980 953 1042 exinde
976 980 1018 1042 ad
1042 979 1196 1043 lecturam
1211 979 1401 1045 voluminum

249 1076 278 1128 et
294 1066 358 1128 alia
373 1086 445 1150 quae
469 1065 510 1126 ad
527 1064 659 1126 formam
677 1066 866 1129 Doctoratus
891 1065 922 1129 in
938 1065 1049 1129 eodem
1073 1067 1145 1151 jure
1172 1065 1304 1128 indicta
1321 1064 1400 1128 Uni·

248 1153 391 1215 versitate
407 1149 558 1235 requisita
573 1161 651 1228 sunt,
666 1150 865 1215 effectualiter
879 1153 1029 1224 converti,
1045 1174 1083 1214 ac
1096 1175 1129 1215 se
1147 1149 1265 1237 jugiter
1278 1160 1309 1214 et
1324 1171 1399 1213 con-

249 1239 334 1300 tinue
347 1237 511 1300 exercitari
526 1236 671 1299 volumus
685 1237 716 1300 in
731 1238 866 1301 eisdem:
888 1237 937 1301 ita
948 1238 1043 1321 quod,
1061 1240 1138 1301 infra
1154 1235 1287 1322 quatuor
1307 1259 1400 1300 annos

250 1348 268 1385 a
285 1337 424 1407 tempore
434 1321 693 1386 baccalaureatus
708 1346 764 1407 per
775 1346 847 1387 eum
863 1325 1017 1407 assumpti
1029 1324 1170 1387 continue
1182 1325 1399 1401 numerandos,

250 1410 383 1471 l'ormam
399 1407 558 1492 compleat
573 1408 716 1475 eandem.
754 1409 890 1495 Ipsaque
905 1408 1073 1495 completa,
1083 1421 1306 1493 cousequenter
1322 1408 1401 1471 infra

249 1517 348 1558 unum
363 1518 479 1558 annum
494 1506 607 1557 extunc
619 1497 764 1559 continue
778 1497 1016 1575 numerandum,
1029 1497 1058 1557 in
1073 1497 1183 1559 eodem
1194 1495 1266 1579 jure
1279 1493 1401 1558 realiter

248 1582 384 1666 incipere
408 1603 480 1643 enm
505 1580 657 1656 volumus,
675 1583 897 1667 impedimento
921 1595 1060 1646 cessante
1086 1582 1226 1668 legitimo
1245 1601 1301 1665 per
1317 1581 1401 1644 Cus-

248 1668 354 1730 todem
378 1681 409 1729 et
435 1666 581 1730 Decanos
605 1691 643 1730 ac
665 1669 835 1746 bursarios,
860 1669 917 1742 vel,
941 1670 972 1731 iu
996 1671 1135 1732 absentia
1160 1667 1315 1736 Custodia,
1341 1690 1400 1751 per

249 1753 491 1817 Vicecustodem
516 1768 547 1815 et
575 1754 719 1819 Decanos
747 1778 785 1819 ac
809 1755 965 1818 bursarios
988 1754 1161 1839 praedictos,
1186 1753 1399 1838 approbando.

247 1839 409 1923 Alioquin,
441 1841 476 1912 si,
506 1838 681 1922 hujusmodi
714 1841 938 1925 impedimento
967 1860 1118 1912 cessante,
1145 1841 1230 1903 circa
1259 1838 1401 1922 comple·

247 1928 362 1989 tionem
379 1949 442 1990 snae
457 1928 565 1989 formae
579 1925 734 2009 praedictae
748 1926 949 1990 effectualiter
964 1940 994 1990 et
1003 1928 1155 1997 continue,
1165 1937 1199 1989 ut
1212 1925 1400 2009 praedicitnr,

248 2034 309 2074 non
327 2013 484 2085 laborarit,
500 2025 563 2083 aut,
578 2034 615 2074 ea
641 2014 811 2099 completa,
827 2014 907 2076 infra
933 2014 1117 2097 pradictum
1143 2035 1262 2075 annum
1277 2010 1400 2074 realiter

248 2119 308 2161 non
323 2100 481 2182 inceperit,
499 2098 644 2160 rolumus
659 2102 740 2182 quod
763 2114 886 2178 extunc,
904 2100 981 2162 infra
996 2123 1095 2163 unum
1122 2120 1240 2161 annum
1255 2099 1401 2160 continue

249 2186 487 2256 numerandum,
513 2206 546 2246 se
571 2185 664 2247 faciat
686 2185 726 2248 ad
752 2186 962 2248 sacerdotium
987 2185 1169 2270 promoveri.
1213 2183 1278 2258 Qui
1291 2205 1401 2247 omnes

249 2286 281 2333 et
297 2270 424 2358 singuli,
438 2282 507 2356 post
522 2280 703 2354 susceptum
718 2294 772 2356 per
788 2295 840 2335 eos
855 2272 1077 2345 sacerdotium,
1088 2293 1120 2332 se
1134 2271 1248 2334 faciant
1260 2269 1401 2333 celeriter

251 2359 361 2421 instrui
378 2358 418 2420 ad
433 2357 545 2420 missas
557 2358 698 2420 devotius
713 2370 742 2419 et
755 2360 943 2442 frequentius
954 2357 1164 2421 celebrandas.
1207 2357 1274 2430 Eis,
1285 2368 1399 2428 tamen,

37 2445 132 2503 Takina
144 2445 240 2520 talaria
252 2444 292 2505 ad
308 2444 531 2507 celebrandum
546 2442 622 2508 alibi
637 2466 733 2530 quam
750 2445 781 2506 in
796 2446 880 2509 dicto
895 2443 1049 2530 Collegio,
1065 2443 1214 2529 quamdiu
1232 2443 1274 2505 ibi
1288 2444 1402 2504 luerint.

37 2508 230 2622 ,lfflffllss
252 2531 416 2614 collegiati,
444 2552 500 2616 per
525 2531 654 2610 modum
678 2530 822 2594 annualis
845 2531 973 2605 servitii,
999 2541 1049 2593 aut
1077 2529 1139 2592 alio
1164 2529 1272 2613 quovis
1295 2527 1401 2592 colore

37 2636 78 2685 tho
89 2637 197 2700 college.
252 2617 441 2701 stipendium
466 2629 519 2678 aut
544 2617 675 2700 aliquod
690 2617 838 2680 salarium
862 2616 1029 2700 recipiendi
1044 2627 1099 2679 aut
1123 2614 1198 2679 alibi
1215 2613 1400 2686 celebrandi,

37 2723 81 2772 rr„
95 2725 240 2788 ,210me
253 2702 432 2765 facultatem
461 2701 674 2765 interdicimus
697 2703 886 2765 omnimode.
930 2701 1103 2775 Annualia,
1126 2714 1240 2772 tamen,
1256 2712 1309 2762 aut
1324 2721 1397 2763 can·

36 2788 222 2852 inthecotlege
252 2790 349 2852 terias
372 2785 572 2870 temporales,
587 2808 642 2848 scu
666 2787 752 2850 aliud
776 2788 929 2851 salarium
945 2787 1159 2872 quodcunque,
1174 2788 1213 2849 ad
1237 2786 1399 2849 celebran-

35 2852 130 2917 chaat.
251 2874 328 2938 dum
361 2875 392 2937 in
419 2873 545 2956 capella
576 2873 671 2956 ipsius
701 2871 847 2962 Collegii,
883 2874 915 2935 in
944 2873 1128 2946 subsidium,
1156 2873 1333 2936 relevamen
1362 2895 1399 2937 ac

251 2959 519 3037 sustentationem,
534 2959 710 3032 eorundem,
732 2960 777 3022 eis
800 2960 980 3043 acceptandi
995 2958 1175 3023 facultatem
1201 2971 1306 3022 tenore
1320 2980 1399 3042 prae-

34 3053 144 3115 Penatry.
250 3046 387 3110 sentium
396 3043 605 3130 indulgemus.
635 3047 668 3109 Si
678 3046 826 3130 quievero
835 3044 928 3129 hujus
938 3045 1046 3108 statuti
1060 3045 1095 3108 in
1106 3045 1215 3128 aliqua
1230 3044 1299 3127 ejus
1308 3057 1397 3129 parte

250 3132 431 3195 temerarius
443 3132 572 3194 violator
583 3131 730 3204 extiterit,
744 3133 782 3207 si,
792 3132 879 3217 prius
888 3132 1037 3203 monituS,
1048 3131 1125 3194 iufra
1134 3131 1273 3195 medium
1285 3151 1400 3193 annum

244 3219 367 3303 judicio
393 3217 544 3281 Custodis
571 3229 602 3278 et
636 3217 757 3282 Decani
781 3218 829 3281 sni
851 3217 1054 3280 effectualiter
1080 3239 1198 3281 senon
1222 3217 1397 3287 correxerit,

247 3328 320 3368 eum
336 3327 354 3366 a
369 3305 451 3368 dicto
467 3301 610 3385 Collegio
625 3315 736 3367 extunc
751 3305 912 3368 exclusum
926 3306 989 3366 lore
1005 3303 1211 3374 decernimus,
1223 3304 1292 3389 ipso
1305 3303 1398 3365 facto.

254 3477 333 3562 Cap.
356 3476 502 3545 17.—De
517 3478 624 3541 hthn
640 3477 804 3647 Sociorpp
814 3487 843 3542 et
852 3477 1045 3628 yptcltolnriunt
1054 3500 1068 3554 ‚·
1090 3488 1118 3543 et
1131 3479 1212 3563 quod
1227 3498 1316 3540 arma
1330 3497 1389 3541 non

766 3586 851 3628 cera
887 3610 894 3625 .
1253 3581 1257 3584 ⁴

32 3671 234 3783 Dff⁸⁵⁰lfli⁰¹¹⁰w⁵
289 3679 383 3751 Item,
399 3681 582 3749 statuimus,
596 3681 781 3742 ordinamus
801 3691 830 3743 et
845 3678 1004 3756 volumus,
1021 3683 1105 3766 quod
1132 3702 1240 3744 omnes
1264 3680 1353 3742 Socii
1366 3693 1397 3762 et

29 3751 195 3848 iithffitissn
246 3766 402 3829 scholares
425 3767 558 3828 universi
576 3765 713 3851 Collegit
740 3767 928 3849 supradicti,
942 3766 1024 3830 inira
1043 3780 1133 3850 septa
1149 3765 1293 3850 Collegii,
1307 3767 1398 3850 gonis

29 3861 137 3925 college.
188 3875 193 3882 ·
246 3853 314 3914 sive
329 3852 492 3935 ipetogiis*
505 3852 602 3938 longis
617 3852 778 3929 talaribus,
789 3853 908 3937 absque
922 3853 1131 3916 cinctionibus
1146 3853 1212 3913 sive
1227 3852 1324 3921 zonis,
1343 3849 1399 3911 de-

246 3951 353 4000 center
367 3938 446 3998 sicut
460 3938 559 4008 decet,
575 3938 718 4020 superius
733 3938 911 4011 induantur,
922 3955 952 4001 et
966 3940 1088 4022 capicia
1098 3936 1248 4000 similiter
1260 3934 1396 3996 habeant

246 4023 460 4094 condecent-ia,
487 4045 557 4085 cnm
583 4024 740 4108 liripipiis
763 4025 858 4086 trium
884 4027 1113 4109 quarteriorum
1137 4023 1236 4106 virgae
1262 4020 1396 4104 longitu-

245 4111 364 4180 dinem,
380 4120 410 4171 et
425 4109 625 4172 latitudinem
642 4123 737 4172 sextae
752 4112 851 4194 partis
865 4111 963 4194 virgae
977 4111 1082 4181 unius,
1095 4107 1309 4171 tautummodo
1324 4126 1396 4166 con-

244 4191 422 4259 tinentibus.
467 4192 724 4280 Quandocunque
738 4217 810 4259 vero
823 4195 944 4281 aliquis
960 4195 1127 4258 Sociorum
1143 4194 1191 4255 vel
1207 4191 1396 4256 scholarium

244 4280 384 4362 Collegii
401 4281 501 4344 nostri
516 4282 663 4344 antedicti
679 4283 719 4345 ad
735 4283 861 4346 scholas
875 4281 925 4344 vel
943 4280 1096 4342 ecclesias
1111 4279 1245 4362 aliquas,
1261 4276 1397 4340 ecclesia

243 4371 343 4430 beatas
360 4366 477 4429 Mariae
492 4368 645 4429 duntaxat
659 4369 778 4430 ibidem
793 4380 933 4451 excepta,
948 4366 996 4427 rel
1016 4366 1155 4446 aliquem
1176 4367 1274 4428 alium
1290 4365 1396 4426 locum

591 4533 606 4562 *
624 4531 666 4582 Sic
677 4531 704 4580 in
716 4531 785 4594 MS.;
803 4529 863 4580 read
875 4535 891 4557 ‘⁶
901 4527 1040 4593 epitogiis?
