3014 4898
368 241 503 308 statutas
517 247 556 328 ⁰f
565 242 623 305 All
638 243 729 309 Souis
746 243 873 328 Colleqe,
895 243 1024 329 Oasord.
1228 243 1279 308 65>-

119 405 302 490 hujusmodi
325 413 489 476 tradantur
503 412 626 486 eidem;
650 413 705 475 sed
720 435 815 496 super
839 414 956 477 eisdem
983 414 1149 497 compertis
1169 428 1202 478 et
1216 416 1270 489 de·
1364 442 1368 447 ·

120 496 218 576 tectis,
242 499 355 577 statim,
379 520 483 561 coram
500 499 570 581 ipso
596 498 726 561 domino
743 498 992 583 Arclriepiscopo
1017 501 1067 561 vel
1090 498 1159 581 ejus
1173 499 1271 564 Com·

119 581 270 647 missariis
287 585 481 667 respondeat,
495 606 532 645 ac
547 585 766 648 correctionem
782 583 921 648 debitam
941 584 1051 648 subeat
1066 607 1124 669 pro
1139 586 1270 666 eisdem,

113 663 208 747 juxta
232 670 470 732 ordinationum
495 683 526 731 et
552 677 738 734 statutorum
762 668 901 752 ejusdem
919 669 1057 754 Collegii
1079 671 1270 757 exigentiam

120 763 151 814 et
166 762 318 831 tenorem;
342 755 532 819 cessantibus
548 756 830 840 provocationibus,
841 756 1124 841 appellationibus,
1136 758 1271 841 querelis

119 848 152 900 et
165 837 234 900 aliis
251 839 333 923 juris
346 851 379 903 et
393 842 467 904 facti
481 841 633 913 remediis,
652 865 708 925 per
721 864 799 926 quas
815 865 869 905 seu
886 864 957 926 quae
972 842 1065 927 ipsius
1078 844 1226 907 correctio
1240 855 1271 906 et

116 925 238 1006 punitio
261 925 380 990 differri
393 927 511 1004 valeat,
538 949 590 990 seu
614 928 692 990 alias
706 928 938 1012 quomodolibet
959 927 1122 1011 impediri,
1151 928 1206 991 nisi
1229 928 1271 991 ad

120 1010 327 1092 privationem
342 1012 487 1077 beneficii
501 1024 556 1076 aut
572 1013 856 1077 inhabilitationem
880 1035 1015 1098 personae
1030 1012 1177 1078 Custodia
1191 1036 1271 1098 prae-

119 1095 192 1157 dicti
216 1109 323 1161 contra
347 1097 484 1161 eundem
500 1097 676 1162 Custodem
699 1111 814 1185 agatur
837 1120 894 1183 per
915 1098 1077 1162 dominum
1091 1097 1270 1184 Arohiepis·

118 1202 231 1266 oopum
260 1183 310 1247 vel
339 1183 406 1266 ejus
437 1184 677 1249 Cornmissarios
708 1185 920 1270 supradictos;
953 1187 984 1248 iu
1006 1183 1121 1269 quibus
1145 1186 1271 1250 casibus

118 1289 223 1330 omnes
249 1268 441 1333 defensiones
463 1269 618 1357 legitimas
642 1269 744 1334 eidem
766 1270 909 1336 volumus
936 1291 1005 1335 esse
1023 1271 1136 1343 salvas,
1152 1281 1184 1334 et
1208 1292 1270 1334 non

119 1351 260 1418 obstante
275 1367 380 1419 nostra
393 1357 584 1420 ordinatione
599 1357 760 1441 praedicta.

118 1560 198 1647 Cap.
215 1561 448 1650 33.—Propter
460 1586 537 1650 quas
557 1586 665 1630 causus
678 1575 707 1628 er
721 1566 865 1650 quomodo
881 1563 989 1630 oasa
1006 1563 1137 1650 cellapii
1155 1568 1271 1649 poterit

594 1673 748 1717 removere.

163 1782 330 1854 Praeterea,
343 1807 416 1850 cum
440 1797 567 1871 propter
581 1787 731 1851 Custodia
754 1785 896 1871 praedicti
921 1784 1084 1856 incuriam,
1107 1784 1269 1869 negligen-

119 1869 196 1932 tiam
212 1881 243 1932 et
258 1872 552 1955 incircumspectum
566 1886 620 1935 aut
644 1874 746 1936 minus
761 1873 979 1935 industriosam
1003 1892 1121 1946 curam,
1138 1869 1186 1932 vel
1203 1871 1270 1933 vitre

120 1955 352 2029 inhonestatem,
363 1970 488 2041 possunt
502 1958 605 2022 eidem
620 1957 761 2042 Collegio
776 1959 816 2021 de
832 1957 915 2020 facili
931 1959 1096 2019 innumera
1111 1957 1271 2040 dispendia

122 2053 155 2102 et
183 2042 323 2125 pericula
368 2045 483 2107 rariora
506 2045 655 2124 accidere,
676 2045 852 2122 statuimus,
875 2044 1053 2106 ordinamus
1070 2055 1100 2104 et
1119 2041 1270 2120 volumus,
1282 2055 1372 2104 Cema
1384 2052 1420 2101 tor

122 2127 206 2210 quod
220 2126 322 2189 dictus
337 2067 459 2207 (iustos,
467 2130 518 2213 qui
533 2152 591 2212 pro
601 2141 741 2211 tempore
755 2131 855 2202 fuerit,
867 2139 994 2213 propter
1004 2126 1268 2211 dilapidationem,
1282 2115 1359 2228 'iffi
1370 2116 1444 2227 *ΜΝ

122 2210 340 2274 alienationem
367 2224 527 2292 terrarum,
551 2223 806 2291 tenementorum,
830 2214 1019 2290 reddituum,
1043 2181 1439 2295 possessionumLimig'fm,¹

123 2295 333 2377 spiritualium
348 2319 401 2360 seu
415 2298 651 2381 temporalium,
671 2311 725 2360 aut
740 2298 966 2362 distractionem
982 2297 1031 2361 vel
1053 2295 1268 2358 alienationem

122 2380 261 2443 illicitam
290 2383 442 2445 bonorum
466 2396 496 2445 et
519 2404 623 2445 rerum
651 2383 748 2468 ipsius
778 2383 927 2468 Collegii,
957 2381 1270 2464 incontinentiamque

126 2487 250 2550 gravem
266 2479 319 2529 aut
335 2466 558 2552 negligentiam
573 2468 809 2548 intolerabilem,
828 2467 1037 2531 homicidium
1052 2465 1271 2538 voluntarium,

124 2551 280 2636 aliamque
296 2574 421 2616 causam
437 2553 609 2639 legitimam
619 2576 836 2639 quamcunque
852 2555 954 2637 ipsum
965 2551 1136 2616 Custodem
1152 2553 1273 2616 omnino

125 2639 304 2701 reddentem
318 2639 521 2724 irregularem
537 2639 584 2701 rel
599 2641 690 2703 aliter
704 2640 893 2713 inlrabilem3
918 2660 1034 2702 necnon
1047 2648 1173 2722 propter
1188 2638 1274 2700 intir-

126 2724 266 2786 mitatem
296 2726 506 2810 contagiosum
534 2737 730 2809 perpetuam,
765 2723 853 2808 eujus
883 2736 1035 2809 praetextu
1064 2744 1124 2786 non
1160 2725 1275 2807 poterit

124 2809 243 2893 absque
257 2811 346 2894 gravi
361 2811 507 2875 scandalo
528 2811 665 2874 ulterius
681 2810 860 2894 hujusmodi
881 2811 1018 2874 officium
1034 2831 1207 2893 occupare;
1232 2812 1274 2872 ab

124 2895 229 2959 officio
253 2910 430 2959 amoveatur
456 2897 613 2980 praedicto.
667 2897 724 2961 Ad
751 2897 840 2979 cujus
863 2897 1052 2960 amotionem
1076 2896 1177 2959 taliter
1200 2919 1272 2982 pro·

126 2982 270 3056 cedatur;
306 2982 458 3057 videlicet,
487 2983 572 3068 quod
606 2997 677 3046 ante
715 3005 895 3067 processum
926 3001 1140 3067 quemcunque
1177 2983 1273 3044 alium
1285 2999 1423 3048 Mannarot

127 3079 237 3130 contra
252 3091 325 3130 eum
341 3069 528 3144 faciendum,
555 3091 612 3152 per
628 3069 882 3148 Vicecustodem,
899 3068 1109 3131 assistentibus
1132 3068 1189 3129 sibi
1206 3068 1272 3130 De·
1302 3060 1442 3173 l⁰⁰²⁶dl¹¹⁸f

128 3154 221 3230 canis,
236 3154 383 3216 burseriis
406 3165 439 3216 et
453 3156 589 3238 quinque
611 3153 682 3217 aliis
703 3155 873 3218 senioribus
888 3154 965 3216 dicti
985 3152 1131 3237 Collegii,
1146 3174 1274 3236 quorum
1302 3143 1322 3176 ¹¹
1333 3142 1443 3176 remora.

128 3237 192 3299 duo
202 3237 323 3319 juristae
339 3253 368 3300 et
384 3251 444 3302 tres
464 3241 581 3302 artistae
596 3241 731 3302 seniores
754 3241 892 3313 existant,
907 3239 1054 3323 primitus
1068 3238 1212 3300 invitetur
1233 3239 1276 3300 ad

127 3324 297 3384 cedendum
320 3324 490 3387 voluntarie
519 3336 549 3387 et
575 3325 671 3409 gratis
695 3346 751 3386 suo
780 3325 882 3388 officio
912 3334 1105 3398 memorat03
1137 3323 1220 3407 quod
1250 3323 1275 3385 si

130 3418 241 3491 sponte
265 3409 371 3471 cedere
397 3408 537 3487 noluerit,
552 3420 624 3471 tunc
646 3408 834 3488 Vicecustos,
854 3409 894 3470 de
916 3428 1077 3477 consensu,
1094 3428 1217 3470 assensu
1243 3420 1274 3469 et

129 3492 187 3554 sub
212 3493 398 3564 testimonio,
414 3494 557 3555 omnium
581 3484 754 3557 Sociorum‘
771 3493 849 3556 dicti
862 3491 1008 3577 Collegii,
1034 3491 1081 3553 vel
1104 3493 1144 3554 ad
1169 3492 1276 3553 minus

129 3576 257 3659 majoris
271 3578 372 3663 partis
387 3579 561 3656 eorundem,
577 3601 709 3663 quorum
718 3581 824 3642 decem
836 3579 875 3641 de
886 3576 968 3662 juris
980 3575 1079 3639 civilis
1092 3589 1122 3640 et
1138 3577 1276 3640 canonici

130 3663 332 3728 facultatibus
361 3665 502 3739 existant,
528 3663 716 3748 specialiter,
746 3665 838 3728 tactis
864 3663 1065 3728 sacrosanctis
1089 3661 1276 3746 Evangeliis,

126 3748 315 3832 juratorum,
339 3749 411 3832 ipso
435 3750 642 3814 Vicecustode
687 3751 808 3814 rimitus
832 3749 1043 3833 juramentum
1067 3748 1275 3832 subscriptum

130 3848 307 3919 praestante,
338 3847 367 3897 et
394 3835 503 3898 deinde
531 3775 691 3900 consimiid
716 3834 932 3918 juramentum
962 3834 1003 3896 ab
1029 3833 1172 3896 omnibus
1202 3834 1277 3896 aliis

132 3921 238 3984 Sociis
253 3921 432 4007 hujusmodi
447 3922 633 4006 recipiente3
658 3922 743 4005 quod
764 3943 826 3984 non
848 3944 904 4005 per
927 3919 1087 3997 invidiam,
1111 3919 1276 3998 malitiam,

130 4007 246 4086 odium,
262 4009 309 4071 vel
324 4029 471 4086 amorem,
496 4010 645 4086 favorem,
666 4008 823 4086 timorem,
838 4027 894 4069 nec
918 4027 976 4090 pro
999 4003 1277 4088 conspirationibus

130 4094 316 4156 aemulorum
343 4105 397 4154 aut
426 4094 694 4172 conlbederatione‚
714 4115 771 4157 neo
792 4093 834 4154 ad
856 4091 1106 4177 procurationem
1130 4089 1275 4173 alicujus,

131 4199 189 4238 nec
204 4202 296 4262 prece
318 4201 374 4244 nec
396 4181 510 4264 pretio,
525 4191 578 4242 aut
604 4179 665 4242 alio
689 4201 871 4264 quocunque
898 4178 993 4240 modo
1019 4175 1132 4238 illicito
1146 4175 1276 4253 inducti,

132 4263 189 4324 sed
213 4263 409 4328 solummodo
433 4288 491 4350 pro
516 4268 599 4330 bono
625 4264 701 4345 zelo,
717 4263 881 4329 commodo
906 4274 937 4326 et
961 4260 1108 4336 utilitate,
1137 4259 1277 4346 Collegii

132 4347 286 4430 praedicti,
301 4361 332 4412 et
344 4373 404 4435 pro
418 4353 541 4415 meliori
560 4366 590 4414 et
604 4350 771 4414 salubriori
789 4350 937 4434 regimine
953 4345 1092 4431 ejusdem
1106 4359 1137 4408 et
1153 4345 1279 4426 honora,

133 4433 345 4499 testimouium
360 4437 424 4502 tale
438 4438 627 4522 perhibeant
647 4437 895 4521 Archiepiscopo
909 4432 1134 4510 cantuariensi,
1149 4432 1206 4516 qui
1220 4451 1280 4518 pro

663 4521 728 4604 (7·)
1129 4536 1151 4582 Β
