3014 4898
360 325 498 394 Statutes
511 329 550 406 (ff
558 325 617 390 All
630 326 722 393 Souis
739 325 862 411 0011090,
885 324 1011 409 Ossord.
1230 321 1273 384 49

114 490 261 578 ipsorum
274 498 420 559 omniurn
442 497 616 560 secundum
638 498 723 580 quod
746 496 781 557 in
805 495 948 592 Collegio
970 495 1108 558 seniores
1122 495 1270 562 existant.

117 580 170 659 Et,
196 596 365 666 postremo,
388 585 492 646 caeteri
517 583 607 646 Socii
634 596 664 645 et
690 582 849 645 scholares
874 582 1015 663 ejusdem
1039 581 1182 665 Collegii
1205 605 1270 644 non

115 667 276 750 graduali,
293 668 389 752 juxta
409 680 532 753 tempus
555 669 640 752 quod
663 670 798 731 habeant
822 669 857 730 in
875 667 1027 754 Collegi0‚
1044 666 1113 729 loca
1134 679 1269 746 teneant,

113 752 335 839 cujuscunque
360 756 476 818 suerint
499 756 679 817 facultatis:
703 779 798 838 quem
822 755 951 838 quidem
973 753 1118 815 ordinem
1142 754 1177 815 in
1198 776 1271 838 pro-

114 841 312 904 cessionibus
338 842 436 905 etiam
458 842 602 906 volumus
624 842 794 906 observari.
844 840 1015 924 Capeliani
1037 861 1110 903 vero
1131 838 1269 921 ejusdem

115 924 258 1010 Collegii
280 941 365 989 stent
387 929 469 990 inter
491 928 602 990 Socios
625 927 802 1011 praedictos,
817 941 911 1012 prout
926 927 1070 1000 Custodi,
1086 925 1135 990 vel
1151 926 1186 986 in
1202 923 1270 1007 ejus

116 1011 260 1075 absentia
276 1013 492 1092 Vicecustodi‚
508 1015 670 1077 videbitur
686 1014 799 1076 melius
807 1013 964 1097 expedire,
995 1013 1057 1076 Per
1068 1012 1269 1096 praemissum

116 1109 220 1159 tamen
236 1100 390 1179 ordinem,
406 1100 530 1162 nullam
545 1101 617 1163 dari
633 1123 763 1164 causam
783 1101 927 1162 volumus
943 1121 996 1161 seu
1011 1099 1189 1162 occasionis
1202 1119 1269 1158 ma-

115 1183 237 1263 teriam,
263 1187 344 1269 quin
366 1187 520 1272 Magistri
550 1188 663 1250 artium
689 1209 763 1248 curn
788 1184 872 1268 juris
895 1184 1121 1263 baccalaureis,
1145 1195 1177 1247 et
1197 1184 1268 1267 pari

115 1270 209 1332 modo
225 1272 425 1335 baccalaurei
442 1267 525 1354 juris
548 1296 623 1335 curn
648 1273 864 1336 baccalaureis
880 1273 1009 1346 artium,
1026 1272 1124 1334 simul
1139 1272 1268 1333 chorum

114 1377 228 1440 regere,
243 1360 440 1442 responsoria
464 1371 496 1420 et
519 1382 636 1436 versus,
656 1382 695 1421 00
722 1359 789 1421 0110
812 1359 956 1437 insimul,
975 1372 1101 1420 cantare
1124 1358 1267 1434 debeant,

115 1442 155 1502 ad
186 1466 256 1526 000
284 1468 341 1528 per
366 1445 500 1507 alterum
524 1444 730 1508 Decanorum
757 1446 916 1508 intitulati
946 1445 1059 1506 luerint
1087 1467 1141 1506 seu
1170 1443 1266 1505 etiarn

23 1602 28 1613 ,
115 1529 281 1612 assignati,
322 1531 362 1592 Si
392 1532 463 1613 quis
492 1552 566 1592 vero
594 1532 768 1613 praemissa,
794 1553 847 1592 seu
871 1530 1000 1613 aliquod
1024 1530 1266 1614 praemissorum,
1278 1529 1390 1591 penalty.

113 1616 352 1693 contravenerit,
389 1637 524 1699 poenam
560 1617 668 1678 statuti
708 1617 748 1677 de
785 1617 1056 1698 disputationibus
1093 1616 1267 1694 Sociorum,

116 1701 262 1781 superius
277 1699 460 1780 limitatam,
476 1700 585 1784 ipsum
601 1701 761 1763 incurrere
776 1701 917 1764 volumus
933 1702 1005 1786 ipso
1020 1703 1111 1785 lacto.

124 1901 206 1987 Cap.
223 1905 373 1971 ‘ta-Lu
387 1909 548 1995 suffmpiis
562 1919 591 1971 et
604 1909 791 1973 orationibus
806 1909 965 1976 Sociorum
984 1906 1112 1992 00110911
1125 1907 1160 1970 de
1174 1928 1260 1971 morte
1345 1916 1348 1922 '

43 1995 48 2003 ’
526 2006 554 2059 01
568 1998 605 2058 de
618 2007 700 2060 nocte
713 1997 856 2059 dicendis.

160 2111 250 2184 Item,
266 2136 335 2176 cum
350 2114 440 2178 Socii
455 2128 484 2178 et
508 2115 665 2179 scholares
687 2115 768 2176 dicti
791 2113 929 2200 Collegii
951 2137 988 2176 ex
1011 2111 1103 2175 titulo
1117 2122 1146 2173 et
1163 2120 1268 2173 tenore

117 2198 313 2261 fundationis
327 2223 390 2262 suae
406 2202 441 2262 in
456 2204 563 2264 eodem
585 2224 650 2263 000
671 2213 738 2263 tam
763 2215 927 2262 teneantur
949 2198 1072 2282 singuli
1088 2197 1153 2259 suis
1169 2195 1268 2260 facul-

117 2285 234 2346 tatibus
249 2298 280 2346 et
301 2287 442 2348 scientiis
464 2288 618 2363 insistere,
641 2307 735 2368 quam
757 2308 815 2369 pro
837 2287 1005 2347 animabus
1028 2283 1172 2345 omnium
1189 2284 1266 2345 fide-

116 2368 196 2431 lium
228 2370 441 2432 defunctorum
471 2371 614 2434 devotius
651 2392 788 2448 exorare,
818 2372 996 2447 statuimus,
1025 2368 1208 2430 ordinamus
1236 2382 1266 2429 et
1278 2369 1419 2444 &arerem

118 2454 268 2533 volumus,
284 2458 366 2538 quod
384 2455 507 2528 Custos,
520 2457 611 2518 Socii
628 2470 659 2516 et
681 2455 837 2517 scholares
857 2478 895 2517 ac
918 2453 1074 2537 capellani
1090 2453 1171 2514 dicti
1186 2434 1410 2545 0⁰¹*iiiiiiiraii
1418 2502 1467 2548 m,

116 2540 205 2624 legii,
235 2542 289 2623 qui
317 2565 374 2625 pro
401 2554 541 2625 tempore
565 2541 689 2620 luerint,
715 2539 851 2625 singulis
873 2541 995 2618 diebus,
1022 2561 1094 2600 cum
1123 2540 1162 2600 de
1187 2539 1267 2602 lecto
1358 2515 1374 2559 Β

118 2627 314 2706 surrexerint,
334 2640 500 2710 antequam
523 2628 564 2689 ad
586 2627 651 2688 alia
676 2649 709 2689 se
732 2627 897 2708 divertant,
921 2624 1044 2711 singuli
1066 2644 1170 2686 eorum
1197 2647 1267 2686 rnu-

117 2713 242 2774 nientes
257 2736 288 2775 se
310 2715 404 2798 signo
426 2713 552 2775 Sanctae
575 2712 698 2790 Crucis,
722 2713 842 2791 dicant,
868 2713 936 2776 “ln
956 2712 1086 2774 nomine
1105 2709 1221 2782 Patris,
1237 2727 1268 2773 et

118 2796 211 2876 Filii,
227 2810 258 2860 01
271 2799 415 2882 Spiritus
429 2800 551 2863 Sancti.
565 2799 700 2877 Amen,”
717 2821 755 2859 00
777 2799 926 2861 facientes
942 2799 1166 2880 subsequenter
1184 2819 1268 2859 com-

118 2886 377 2947 memorationem
415 2886 606 2954 animarum,
643 2883 790 2947 similiter
826 2897 912 2946 orent
950 2885 1098 2962 devotius,
1128 2883 1270 2946 dicentes

118 2970 278 3033 “Animae
300 2993 409 3034 omnes
432 2970 579 3034 fidelium
603 2971 828 3049 defunctorum,
845 2993 901 3053 per
927 2970 1179 3032 misericordiam
1203 2967 1270 3032 Do-

119 3056 202 3118 mini
217 3058 314 3119 nostri
328 3059 405 3120 Jesu
418 3056 540 3121 Christi
555 3055 716 3119 Nazareni
732 3057 888 3135 crucifixi,
900 3057 935 3117 in
951 3078 1029 3139 pace
1044 3053 1270 3139 requiescant.’‘

118 3141 412 3227 Consequenterque
434 3144 545 3206 dicant
568 3156 669 3206 totum
693 3142 785 3204 illum
809 3143 970 3227 psalmum
992 3146 1012 3178 ‘⁶
1026 3141 1145 3204 Levam
1163 3141 1271 3205 oculos

118 3249 204 3290 meos
228 3230 259 3292 in
282 3243 405 3292 montes
414 3230 443 3307 ;''
465 3229 626 3312 adjunctis
650 3229 716 3290 illis
739 3251 795 3290 sex
820 3229 985 3291 versiculis
1011 3228 1197 3291 “Auditum
1222 3226 1271 3289 100

119 3314 202 3375 mihi
218 3337 310 3376 mane
323 3316 587 3395 misericordiam,
601 3315 679 3398 0010
694 3315 729 3377 10
745 3328 775 3378 10
791 3316 946 3398 speravi,”
962 3319 981 3350 “
993 3313 1113 3378 Notam
1129 3314 1179 3375 100
1188 3313 1271 3375 mihi

120 3400 205 3461 viam
221 3400 256 3460 in
272 3423 333 3485 qua
348 3400 516 3480 ambulem,
532 3402 610 3484 quia
625 3400 666 3462 ad
683 3413 712 3462 te
729 3401 831 3465 levavi
840 3402 982 3463 animam
994 3397 1129 3476 meam,'’
1142 3399 1271 3481 “Eripe

120 3506 171 3545 me
187 3485 225 3546 de
242 3486 378 3547 inimicis
391 3487 481 3564 meis,
496 3486 658 3562 Domine3
682 3488 723 3548 ad
740 3498 770 3550 te
787 3483 953 3571 confugi,”'
970 3485 1089 3550 “Doce
1103 3508 1153 3547 me
1169 3487 1271 3547 facere

119 3570 315 3632 voluntatem
330 3581 428 3651 tuam,
443 3572 520 3655 quia
534 3570 626 3635 Deus
647 3594 735 3635 meus
757 3597 791 3636 es
814 3571 877 3652 tu‚'’
894 3572 1065 3654 “Spiritus
1080 3581 1153 3633 tuus
1171 3570 1271 3632 bonus

120 3654 247 3717 reducet
270 3678 320 3719 me
343 3657 379 3718 in
406 3671 519 3721 terram
546 3670 676 3735 rectam,
692 3671 819 3743 propter
845 3680 962 3721 nomen
985 3668 1085 3729 tuum,
1102 3655 1270 3735 Domine,'‘

120 3746 139 3777 “
152 3741 343 3805 Vivificabis
357 3766 408 3806 me
422 3744 458 3805 in
473 3745 619 3827 aequitate
635 3754 706 3821 tua;
731 3749 844 3809 educes
857 3746 895 3806 de
910 3743 1111 3807 tribulatione
1127 3743 1270 3804 animam

119 3851 232 3906 meam,
248 3841 278 3902 et
293 3829 329 3890 in
343 3830 563 3892 misericordia
584 3842 639 3892 tua
658 3831 821 3915 disperdes
836 3831 987 3893 inimicos
1003 3853 1096 3909 10000,
1112 3842 1139 3890 01
1157 3828 1270 3911 perdes

119 3937 229 3976 omnes
245 3915 300 3997 qui
313 3915 460 3979 tribulant
476 3917 619 3979 animam
634 3939 748 3996 meam,
760 3941 859 4000 quum
872 3938 929 3999 ego
946 3938 1051 3978 servus
1069 3928 1139 3977 tuns
1155 3937 1225 3976 sum
1240 3913 1270 3991 ;”

120 4023 194 4063 cum
211 4001 356 4063 “Gloria
371 4003 479 4064 Patri''
496 4014 525 4064 01
541 4009 559 4039 “
572 4004 676 4065 Kurie
692 4003 834 4082 eleison,'’
859 4002 1015 4066 “Christe
1031 4002 1157 4079 eleison,
1170 4001 1271 4062 Kurie

118 4087 269 4165 eleison,”
286 4086 553 4167 “Paternoster,’'
570 4088 667 4152 “Ave
678 4088 818 4169 Maria,'’
833 4095 853 4124 “
871 4089 908 4151 Et
926 4111 965 4148 ne
980 4088 1067 4161 nos,''
1080 4100 1140 4148 etc.
1186 4086 1271 4149 “Os-

117 4174 210 4235 tende
224 4174 349 4253 nobis‚'’
363 4187 434 4248 010,
457 4175 599 4239 “Salvos
613 4177 663 4237 100
678 4197 780 4238 servos
795 4187 864 4237 tuos
878 4186 908 4237 et
923 4173 1057 4236 ancillas
1073 4186 1152 4245 tuae,
1168 4184 1272 4256 patres

118 4271 149 4318 et
172 4281 289 4321 sorores
310 4281 441 4334 nostros,
466 4261 555 4325 Deus
580 4260 699 4337 meus‚''
714 4273 785 4338 010,
810 4269 828 4298 “
840 4260 991 4339 Domine,
1010 4282 1071 4322 non
1095 4260 1269 4321 secundum
1337 4290 1341 4299 ¹

27 4349 29 4353 '
119 4359 250 4426 peccata
276 4361 379 4409 nostra
400 4347 498 4410 facias
519 4348 609 4410 nobis
631 4369 729 4430 neque
758 4344 961 4425 secundum,’'
987 4361 1057 4416 etc„
1086 4353 1105 4383 “
1118 4344 1267 4416 Domine,

119 4431 236 4491 exaudi
264 4433 435 4496 orationem
465 4436 601 4512 mearn,’'
632 4445 714 4508 etc.;
745 4431 902 4516 adjunctis
926 4433 1120 4496 orationibus
1141 4432 1268 4506 “Quae-

119 4537 239 4586 sumus,
254 4518 452 4600 omnipotens
472 4519 574 4599 Deua,
589 4533 624 4582 ut
647 4517 785 4582 famulus
808 4531 891 4598 tuus,
909 4518 980 4582 Rex
1003 4530 1112 4597 noster,
1135 4519 1192 4600 qni
1214 4529 1269 4579 tua

652 4605 713 4687 0.)
1117 4624 1139 4666 u
1355 4600 1397 4639 ³·
