3014 4898
362 249 498 317 Statores
512 251 551 334 of
559 249 618 314 All
631 250 722 317 Souis
741 252 866 336 Collepe,
889 251 1016 338 Ozsord.
1228 254 1268 317 19

120 445 228 485 eorum
252 425 381 510 aliquod
409 423 558 508 praestabo
581 446 636 485 seu
660 423 741 484 dabo
768 422 944 501 consilium,
968 423 1124 488 auxilium
1148 422 1200 487 vel
1224 426 1266 486 fa·

119 531 243 584 vorem;
267 525 320 572 aut
344 511 460 575 eisdem
491 511 620 572 scienter
646 510 786 571 interesse
810 533 996 593 praesumam
1021 533 1076 574 nec
1099 510 1172 594 ipsis
1194 532 1266 574 con-s

118 598 249 659 sentiam
266 597 491 682 quoquomodo
526 595 616 666 Item,
633 596 716 678 quod
732 598 976 681 consanguineos
991 597 1062 659 dicti
1079 595 1266 660 Fundatoris
1279 605 1415 655 Admtaton
1427 607 1454 681 ot

117 684 209 744 nostri
226 684 256 745 in
272 706 356 746 veros
372 685 479 746 Socios
495 682 636 765 ejusdem
651 680 793 766 Collegii,
807 683 976 744 secundum
992 683 1124 746 formam
1139 694 1169 744 et
1184 683 1265 745 ordi·
1277 671 1406 783 F⁰¹¹le¹fi⁸
1418 669 1453 718 ¹¹¹¹

119 770 257 831 nationes
273 782 454 832 statutorum
469 769 499 829 in
526 769 584 830 hoc
600 790 673 830 casu
690 768 801 847 editae,
816 768 926 829 electos
944 793 997 831 seu
1020 770 1184 850 eligendos,
1200 769 1265 832 siue
1276 751 1303 783 ω
1334 751 1347 783 ⁶
1369 752 1424 783 oua.

118 855 301 917 difficultate
316 876 501 941 quacunque
527 855 702 930 admittam,
722 868 750 915 et
771 856 946 937 procurabo
961 878 997 917 ac
1012 855 1139 917 admitti
1153 857 1263 918 faciam

114 939 206 1022 juxta
229 965 324 1025 posse.
372 941 459 1011 Item,
481 942 521 1000 de
544 941 622 1002 veris
645 950 675 1002 et
700 941 859 1024 perpetuis
882 941 978 1003 Sociis
1001 941 1162 1003 indictum
1189 937 1440 1006 (ἶοί-Εῐθοὶἰοῃξςοΐ

119 1026 233 1112 legium
249 1027 397 1115 eligendis
413 1039 444 1089 et
458 1026 669 1104 admittendis,
682 1026 770 1088 fidele
783 1027 952 1097 consilinm,
963 1028 1047 1089 omni
1062 1027 1164 1090 lavore
1179 1039 1265 1112 post-
1276 1002 1384 1052 Fetlows.

119 1113 235 1186 habit0,
247 1115 380 1176 tribuam
394 1124 422 1175 et
434 1113 632 1196 impendam;
650 1124 681 1173 ut
690 1113 730 1174 de
741 1113 828 1175 bonis
839 1115 983 1197 personis,
991 1114 1095 1184 castis,
1106 1115 1264 1189 modestis,

120 1200 267 1273 honestis,
283 1200 465 1277 humilibus,
480 1199 572 1280 aptis,
588 1212 618 1260 et
635 1196 675 1259 ad
691 1199 874 1262 studendum
890 1212 921 1262 et
937 1200 978 1261 ad
994 1201 1218 1284 proficiendum
1234 1203 1263 1262 in

119 1286 236 1349 actibus
252 1286 449 1349 scholasticis
466 1285 620 1349 habilibus
634 1297 664 1346 et
679 1285 804 1355 idoneis,
813 1284 872 1369 jux
887 1309 905 1347 a
921 1287 1052 1348 sennam
1068 1298 1264 1366 statutorum,

117 1373 315 1456 provideatur
330 1373 445 1434 eidem.
491 1371 648 1451 Quodque
671 1383 777 1433 contra
802 1372 1078 1455 Archiepiscopum
1105 1373 1264 1436 dominum
1278 1380 1343 1427 Satn
1354 1379 1448 1456 against

118 1457 380 1520 Cautuariensem
395 1460 447 1541 qui
471 1479 527 1540 pro
552 1469 689 1540 tempore
708 1457 810 1528 fuerit,
825 1457 987 1520 eeclesiam
1005 1457 1124 1521 Christi
1148 1443 1454 1557 Cauta-‘h‘P4¹⁰i¹b}⁸''‘

119 1544 282 1620 ariensem,
309 1544 490 1606 Prioremve
515 1555 568 1606 aut
583 1543 767 1626 Capitulum
792 1543 934 1626 ejusdem
949 1545 1093 1620 ecclesiae,
1110 1545 1143 1607 in
1160 1545 1264 1630 aliqua
1275 1524 1436 1635 agiis,

118 1652 214 1691 causa
243 1631 342 1714 ipsam
372 1630 535 1692 ecclesiam
562 1641 769 1707 concemeute,
795 1630 926 1692 scienter
956 1653 1017 1692 non
1040 1653 1093 1693 ero
1122 1632 1263 1710 consilio,
1289 1642 1293 1648 '

118 1716 238 1779 auxiliis
262 1717 308 1778 vel
332 1718 445 1794 lavore,
464 1738 558 1778 causa
583 1737 653 1776 mea
675 1716 742 1799 ipsa
772 1728 802 1776 et
820 1716 895 1779 dicti
910 1716 1051 1802 Collegii
1070 1739 1163 1780 causa
1186 1717 1263 1781 dun·

118 1814 204 1864 taxat
233 1803 380 1886 exceptis.
434 1802 524 1868 Item,
548 1802 629 1887 quod
653 1823 711 1863 non
741 1802 913 1885 impetrabo
938 1803 1075 1888 aliquam
1096 1802 1442 1886 dispensa-Diapontius

119 1890 232 1951 tionem
255 1902 363 1952 contra
380 1886 561 1970 juramenta
590 1910 659 1949 mea
683 1889 838 1972 praedicta,
861 1888 907 1951 vel
930 1889 1056 1975 aliquod
1080 1889 1263 1969 eorundem,
1274 1884 1333 1932 “⁰¹⁰
1345 1881 1421 1933 oatnu

118 1997 170 2038 nec
181 1988 286 2038 contra
302 1976 509 2038 ordinationes
524 1988 554 2034 et
570 1985 686 2035 statuta
701 1973 793 2057 hujus
804 1975 954 2061 Collegii:
971 1999 1027 2040 nec
1040 1975 1264 2059 dispensatione

118 2059 307 2143 hujusmodi,
323 2061 350 2124 si
373 2084 442 2123 eam
468 2081 525 2142 per
539 2081 757 2143 quemcunque
780 2061 944 2144 impetrari
966 2062 1018 2124 vel
1042 2063 1140 2143 gratis
1159 2061 1263 2125 offerri

116 2158 171 2209 aut
193 2148 321 2210 concedi
351 2147 526 2230 contigerit,
550 2145 763 2230 cujuscunque
785 2148 877 2209 fuerit
900 2148 1095 2226 auctoritate,
1110 2149 1167 2212 sub
1188 2171 1263 2231 qua-

118 2255 239 2315 cunque
265 2235 365 2295 lorma
389 2235 553 2296 verborum
579 2254 729 2306 concessa,
756 2244 836 2306 utar,
865 2244 919 2295 aut
943 2235 1046 2296 eidem
1072 2235 1262 2296 consentiam

117 2319 342 2402 quovismodo;
365 2318 445 2382 sicut
469 2340 518 2379 me
542 2316 632 2381 Deus
656 2316 783 2400 adjuvet
808 2328 838 2381 et
861 2319 928 2380 haec
951 2332 1058 2381 saneta
1082 2319 1144 2381 Dei
1159 2320 1262 2382 Evan-

118 2405 211 2490 gelia.
257 2404 344 2468 Etsi
369 2402 526 2487 contingat
551 2405 586 2464 in
610 2413 765 2488 posterum
793 2427 852 2482 me,
867 2418 994 2497 propter
1014 2427 1087 2468 mea
1100 2404 1262 2485 demerita,
1276 2414 1377 2490 Actione
1388 2431 1415 2463 or
1424 2432 1454 2479 ap

117 2513 173 2552 seu
188 2513 296 2554 causas
312 2490 346 2552 in
368 2491 506 2573 praelatis
529 2490 768 2553 ordinationibus
782 2505 812 2552 et
837 2491 961 2553 statutis
984 2503 1150 2562 contentae,
1169 2489 1265 2574 juxta
1276 2478 1337 2541 Μ’
1350 2495 1454 2593 ¹⁰l⁰f²ffl

119 2577 490 2640 formamordinatiouum
506 2586 535 2636 et
559 2586 745 2649 statutorum
764 2576 930 2654 dictorum,
947 2577 987 2638 ab
1008 2578 1112 2640 officio
1128 2600 1197 2640 meo
1211 2603 1264 2642 ex·
1275 2560 1372 2658 {wi
1403 2560 1454 2594 '⁰¹¹¹

118 2664 193 2748 pelli
219 2686 272 2726 seu
295 2663 374 2725 alias
399 2662 546 2738 amoueri,
571 2685 609 2724 ea
634 2673 718 2725 certa
744 2684 815 2725 mea
839 2663 976 2734 scientia,
999 2673 1120 2746 sponte,
1145 2687 1221 2750 pure
1235 2679 1264 2728 et

117 2750 317 2833 simpliciter,
339 2761 370 2810 et
395 2749 547 2822 absolute,
564 2748 648 2810 omni
675 2749 801 2826 actioni,
826 2750 986 2812 occasione
1001 2750 1188 2834 expulsionis
1210 2774 1264 2814 seu

119 2836 282 2898 amotionis
306 2834 496 2918 hujusmodi,
521 2846 627 2898 contra
653 2834 759 2918 ipsius
784 2835 919 2921 Collegii
944 2835 1050 2898 Socios
1076 2835 1121 2899 vel
1136 2835 1264 2899 Socium

117 2944 333 3007 quemcunque
349 2922 551 2995 instituendae,
571 2920 833 3006 appellationique
849 2935 880 2984 et
901 2921 1032 3006 querela
1056 2922 1090 2984 in
1111 2945 1150 2984 ea
1174 2937 1266 3007 parte

119 3008 237 3080 fiendis,
253 3023 283 3070 et
305 3030 561 3094 quarumcunque
581 3007 741 3070 literarum
763 3008 985 3091 impetrationi,
1007 3009 1156 3090 precibus
1177 3009 1265 3092 prin-

117 3096 237 3178 cipum,
253 3095 464 3178 praelatorum,
481 3116 645 3178 procerum
659 3107 688 3155 et
703 3095 953 3179 magistratuum,
976 3115 1013 3156 ac
1037 3095 1171 3157 aliorum
1186 3118 1264 3180 quo⁴

118 3203 322 3266 rumcuuque,
345 3202 462 3242 necnon
480 3182 714 3264 quibuscunque
741 3181 835 3243 curiae
857 3180 1075 3242 ecclesiastieae
1097 3180 1149 3243 vel
1171 3202 1266 3242 saecu·

118 3268 204 3342 laris,
222 3290 258 3328 ac
273 3267 421 3330 omnibus
437 3267 515 3340 aliis,
531 3265 679 3327 remediis
701 3266 785 3348 juris
801 3265 848 3328 vel
863 3266 949 3343 iacti,
964 3287 1021 3349 per
1034 3288 1114 3349 quas
1127 3279 1181 3328 aut
1196 3285 1266 3349 quae

119 3366 225 3437 petere
254 3374 378 3435 possem
407 3374 458 3414 me
485 3350 682 3413 reconciliari
704 3351 754 3412 vel
781 3351 814 3413 in
839 3352 993 3436 integrum
1016 3350 1136 3414 restitui
1159 3363 1267 3414 contra

119 3439 293 3522 praemissa,
318 3447 591 3520 quantumcunque
614 3435 690 3498 alias
704 3436 870 3518 probitatis
894 3447 925 3499 et
947 3437 1021 3499 vitae
1046 3437 1162 3498 merita
1185 3439 1266 3499 mihi

118 3523 335 3608 suffragentur,
350 3523 383 3585 in
397 3523 460 3584 vim
482 3522 570 3605 pacti
592 3522 740 3584 renuntio
761 3522 794 3584 in
819 3521 869 3583 his
893 3523 1032 3605 scriptis.
1079 3522 1170 3594 Item,
1181 3523 1267 3607 quod
1280 3531 1454 3581 Observaoeeo

118 3610 227 3672 omnia
240 3620 271 3672 et
292 3609 419 3693 singula
432 3620 546 3671 statuta
562 3621 592 3669 et
616 3607 826 3671 ordinationes
851 3607 930 3672 dicti
946 3608 1096 3694 Collegii,
1113 3623 1268 3691 quatenus
1279 3601 1386 3644 saluca

119 3697 189 3780 ipsa
205 3717 255 3757 me
270 3706 465 3771 concernunt,
481 3694 653 3757 secundum
678 3693 818 3777 plenum,
844 3693 1000 3756 literalem
1024 3705 1055 3756 et
1079 3695 1267 3780 grammati-

119 3784 227 3859 calem,
244 3803 367 3844 sensum
392 3792 420 3843 et
449 3780 639 3842 intellectum
664 3781 841 3856 eorundem,
857 3779 1080 3844 inviolabiliter
1103 3781 1213 3843 tenebo
1236 3795 1268 3842 et

117 3892 253 3954 exequar
268 3879 299 3930 et
311 3870 405 3931 etiam
420 3868 600 3944 observabo,
615 3875 646 3926 et
661 3866 855 3951 quantumin
870 3887 921 3928 me
936 3866 1031 3929 inerit
1045 3867 1160 3930 faciam
1174 3867 1268 3930 teneri

118 3967 149 4019 et
164 3955 280 4040 exequi
295 3968 324 4017 et
340 3957 382 4018 ab
396 3955 468 4016 aliis
483 3951 669 4016 observari.”

163 4042 383 4125 Volumusque
408 4040 490 4125 quod
505 4040 545 4101 de
565 4039 744 4123 juramento
768 4038 918 4123 praedicto
941 4038 995 4101 fiat
1021 4039 1137 4110 statim,
1162 4060 1268 4122 sump·
1281 4051 1454 4128 Oathtqbere

113 4129 208 4191 tibus
232 4127 377 4213 Collegii,
405 4128 646 4190 instrumentum
670 4125 841 4208 publicum,
870 4127 959 4209 siguo
982 4135 1013 4187 et
1037 4125 1270 4209 subscriptione
1282 4117 1363 4230 {⁰⁰5}
1374 4125 1452 4228 ¹¹¹1¹⁰⁸

121 4213 256 4297 alicujus
272 4215 383 4277 notarii
398 4213 519 4299 publici
534 4213 699 4290 munitum,
710 4212 813 4296 ipsius
824 4210 996 4293 juramenti
1009 4221 1110 4273 totum
1119 4223 1270 4289 tenorem,
1283 4193 1376 4297 mffnff
1406 4184 1454 4230 m

120 4301 267 4383 diemque
283 4314 313 4363 et
328 4302 473 4370 formam,
498 4322 536 4361 ac
561 4320 672 4361 nomen
698 4312 728 4360 et
750 4318 924 4384 cognomen
941 4296 1091 4360 Custodia
1115 4297 1272 4383 predicti,
1305 4322 1320 4351 .-

122 4408 240 4448 necnon
254 4386 343 4469 cujus
357 4387 498 4449 dioecesis
512 4386 632 4460 existat,
656 4385 819 4447 continens
840 4385 885 4447 sic
904 4383 1060 4466 jurantis:
1073 4383 1169 4467 'quod
1193 4384 1271 4446 inter

121 4472 317 4535 munimenta
327 4472 552 4558 dictiCollegii
564 4483 715 4556 perpetuo
726 4482 884 4541 remaneat
893 4471 951 4533 sub
960 4470 1106 4533 custodia
1115 4469 1271 4556 diligenti.
1353 4537 1356 4543 ,

654 4557 713 4642 (t.)
1075 4575 1097 4618 n
1121 4558 1139 4618 2
