3014 4898
561 228 749 314 Injttnctt‘otts
763 231 803 312 of
820 229 957 294 Writers.
1273 230 1348 293 lOl

180 398 355 475 Sociorum,
372 410 437 462 tam
454 397 641 482 juristarum
665 407 762 482 qu'am
783 400 982 470 artistarum
1005 422 1063 464 nec
1078 411 1180 464 tamen
1200 401 1232 463 iu
1247 401 1333 466 dicto

180 498 297 550 statuto
322 486 545 570 experimatur,
570 509 641 570 qua
665 508 798 548 summae
823 508 879 572 pro
909 485 1085 569 majoribus
1113 486 1254 572 Collegii
1279 509 1330 550 ne-

179 572 284 658 gotiis,
308 573 511 637 solutionibus
534 584 566 636 et
588 573 735 655 expensis
758 573 894 656 reputari
915 572 1067 651 debeant3
1088 583 1124 635 ut
1144 573 1278 636 dubium
1300 585 1330 636 et

179 660 279 722 omnis
293 659 501 722 controversia
515 659 548 721 in
564 669 722 744 posterum
739 659 779 721 de
795 657 853 722 hac
867 681 899 721 re
914 660 1052 740 tollatur,
1068 658 1127 723 hac
1144 657 1332 741 injunctione

179 745 405 808 declarandum
430 745 589 823 duximus,
611 744 787 836 solutiones,
813 766 975 828 expensas,
998 757 1029 809 et
1054 769 1091 807 ea
1114 743 1249 828 Collegii
1275 767 1330 808 ne·

180 830 269 916 gotia
282 829 402 914 majora
415 831 793 915 antummum-prout
808 832 837 895 in
852 831 997 913 praesenti
1014 853 1069 894 nos
1090 831 1331 916 interpretamur

177 930 207 979 et
232 917 482 1002 pronuntiamus,
505 917 560 979 ubi
584 920 740 1002 expensae}
753 917 930 988 necessariae
953 939 987 980 se
1010 917 1181 981 extendunt
1205 918 1247 980 ad
1273 939 1328 980 sex

177 1002 283 1078 libres,
306 1003 461 1067 tredecim
483 1003 597 1066 solidos
620 1015 650 1065 et
671 995 813 1092 qrittu’e'p·
825 1002 971 1089 denarios
984 1004 1033 1066 vel
1048 1003 1136 1067 ultra.
1183 1004 1233 1078 Et,
1249 1004 1328 1067 ulte·

179 1088 257 1162 rius,
274 1089 451 1153 inhibemus
474 1111 617 1174 expresse
641 1111 680 1151 ne
706 1082 1042 1173 prol‘no'n'ttecessariis
1057 1091 1228 1174 quicquam
1242 1090 1329 1153 deiu-

177 1195 252 1259 ceps
276 1175 316 1238 de
341 1176 466 1239 residuo
493 1177 649 1239 bonorum
675 1161 817 1257 Collegii
843 1176 959 1262 quor-is
985 1187 1136 1260 praetextu
1160 1175 1328 1252 allocetur;

178 1274 272 1344 atque
299 1261 394 1325 etiam
426 1284 474 1340 nc,
499 1272 649 1345 praetextu
672 1261 914 1346 reparationum·
924 1267 1069 1346 §camerae
1096 1263 1246 1326 Custodis
1272 1273 1328 1324 aut

179 1347 342 1411 Sociorum
356 1349 430 1412 dicti
447 1348 588 1432 Collegii
603 1370 697 1431 opere
711 1348 857 1410 intestino
871 1361 902 1410 et
918 1340 1113 1432 ati-parietes
1129 1350 1328 1420 coassatione‚

178 1432 229 1496 vel
254 1433 352 1496 abacu
374 1448 429 1499 aut
451 1433 559 1496 fulcris
583 1434 704 1498 curiose
713 1431 830 1516 junctis
845 1445 876 1497 et
889 1433 1066 1517 elaboratis,
1081 1445 1238 1517 omarum,
1252 1456 1329 1496 neve

178 1519 393 1584 additionibus
415 1519 625 1584 aedificiomm
650 1519 836 1593 dilatentur3
859 1521 935 1604 quia
956 1520 1022 1584 haec
1046 1520 1328 1606 unssitati,·studen·

178 1605 258 1668 tium
274 1629 336 1668 non
352 1607 522 1669 conducere
533 1603 721 1688 judicamus,
735 1618 767 1668 et
781 1604 881 1669 aliena
896 1608 992 1670 etiam
1014 1627 1079 1669 esse
1092 1600 1226 1692 oprimi
1242 1607 1329 1694 Eun·

176 1691 292 1755 datoris
307 1705 411 1756 mente
425 1715 463 1754 ac
478 1691 607 1755 consilio
618 1692 817 1757 arbitramur.
1180 1687 1188 1702 ’
1216 1684 1261 1758 ³:
1280 1705 1305 1771 ,“
1318 1754 1328 1767 ,
1343 1765 1352 1776 ⁸

225 1778 275 1842 12.
300 1779 481 1857 Monemus,
507 1779 614 1857 etiam,
640 1777 822 1855 Custodem,
847 1775 1087 1842 Vicecustodem
1111 1800 1148 1841 ac
1171 1779 1384 1865 Βεοέαιῑᾷὲ,;.’

178 1873 214 1926 ut
229 1862 380 1948 majorem
407 1887 517 1929 curam
542 1864 710 1929 adhibeant
725 1886 763 1926 ex
787 1862 966 1928 executione
987 1866 1094 1928 statuti
1115 1864 1235 1949 antiqui
1251 1861 1342 1926 col:

179 1949 262 2037 legii,
284 1951 479 2036 prohibentis
508 1950 601 2013 ludos
630 1949 803 2014 inhonestos
832 1951 911 2013 infra
938 1947 1084 2013 clausum
1113 1949 1251 2034 Collegii
1281 1949 1329 2012 vel

178 2033 403 2100 Universitatis
426 2037 556 2100 Oxoniae
582 2035 729 2107 exerceri.
744 2036 792 2100 vel
816 2036 1012 2116 canes‚nisos
1037 2035 1086 2099 vel
1112 2037 1285 2121 accipitres,
1308 2060 1328 2098 a

179 2121 277 2185 Sociis
292 2122 340 2186 vel
353 2123 544 2187 scholaribus
559 2122 611 2202 ali,
620 2123 677 2186 sub
692 2123 795 2207 poenis
809 2123 840 2185 in
855 2133 968 2185 statuto
977 2121 1097 2186 relatis.
1134 2123 1327 2195 Intimantes,

179 2207 312 2293 insuper,
328 2208 470 2285 Custodi,
485 2208 685 2273 Vicecustodi
708 2220 739 2271 et
757 2208 900 2279 Decanis,
917 2209 944 2270 si
966 2209 1025 2270 hoc
1040 2210 1139 2271 facere
1154 2208 1327 2280 omiserint,

178 2294 304 2357 easdem
326 2316 436 2378 poeuas
459 2293 562 2358 officia
581 2315 639 2356 sua
664 2293 886 2380 negligentibus
908 2315 964 2377 per
986 2305 1142 2357 statutum
1164 2294 1329 2377 impositas

180 2401 242 2442 non
254 2402 407 2444 evasuros.

227 2467 276 2530 13.
299 2465 390 2542 Item,
406 2465 585 2529 ordinamus
599 2477 629 2528 et
643 2465 786 2530 volumus
800 2463 884 2548 quod
900 2465 1003 2527 omnia
1025 2465 1166 2565 registra,
1182 2464 1283 2550 copiae
1297 2475 1329 2528 et

179 2554 365 2637 transcripta
384 2554 566 2617 chartarum
594 2551 765 2638 Regiarum
787 2565 817 2612 et
839 2550 972 2614 aliorum
987 2551 1189 2615 dominorum
1205 2552 1329 2615 eviden-

178 2637 295 2702 tiarum
310 2660 576 2723 quarumcunque,
591 2640 712 2701 dictum
728 2635 910 2723 Collegium
924 2639 1192 2718 concernentium,
1207 2659 1326 2702 necnon

178 2725 271 2789 rotuli
291 2725 459 2801 curiamm,
485 2730 517 2788 et
544 2724 606 2788 alia
631 2725 824 2787 munimenta
850 2744 1043 2808 quascunque
1068 2724 1109 2787 de
1131 2725 1275 2787 maneriis
1297 2735 1327 2788 et

180 2812 416 2895 possessionibus
444 2811 484 2875 ad
500 2810 679 2897 Collegium
693 2810 917 2896 spectantibus,
935 2811 966 2873 in
985 2831 1245 2895 quorumcunque
1259 2832 1329 2873 ma·

178 2897 273 2960 nibus
282 2900 352 2983 jam
378 2899 519 2969 existant,
537 2907 610 2962 ante
633 2898 747 2960 festum
763 2895 954 2960 Animarum
977 2898 1117 2981 proxime
1132 2917 1264 2981 sequens
1286 2897 1328 2960 ad

181 2981 360 3070 Collegium
388 2985 572 3057 deferantur,
596 2984 713 3067 ibique,
743 2984 914 3045 secundum
938 2983 1071 3047 formam
1100 2982 1212 3045 statuti
1234 2982 1267 3044 in
1289 3005 1328 3045 ea

180 3082 268 3154 parte
290 3071 375 3150 editi,
391 3072 421 3136 in
442 3072 519 3134 turri
541 3071 677 3133 securius
704 3068 922 3156 imponantur3
944 3090 1002 3132 nec
1024 3069 1092 3132 inde
1116 3070 1251 3154 posthac,
1267 3068 1327 3131 nisi

179 3179 216 3220 ex
241 3157 410 3220 necessaria
438 3179 533 3220 causa
560 3155 751 3241 (inventario
778 3155 867 3239 prius
892 3154 931 3217 de
954 3156 1070 3219 eisdem
1097 3157 1244 3233 confecto,
1274 3175 1329 3238 per

180 3263 311 3304 manum
333 3242 495 3306 eximentis
519 3242 699 3325 subscripto,
724 3241 810 3302 etin
833 3241 901 3306 loco
924 3241 1008 3304 uude
1031 3241 1198 3324 desumpta
1212 3240 1327 3304 suerint

180 3326 332 3411 reposito)
347 3328 552 3411 quovismodo
567 3325 781 3390 extrahantur.

227 3412 276 3475 14.
299 3413 391 3486 Item,
414 3433 463 3485 ne,
487 3434 543 3495 per
566 3410 729 3475 dilationes
753 3421 784 3473 et
808 3431 911 3472 moras
938 3409 1110 3491 ulteriores,
1136 3434 1174 3474 ea
1196 3434 1268 3495 quae
1291 3410 1326 3475 in

180 3496 314 3583 publicis
328 3498 519 3561 consessibus
533 3519 587 3582 per
601 3496 773 3560 Custodem
788 3518 824 3560 ac
847 3494 953 3559 Socios
968 3506 1090 3558 mature
1109 3497 1282 3560 deliberata
1294 3507 1326 3561 et

179 3583 303 3669 provide
318 3584 505 3647 concordata
523 3594 604 3656 sunt,
620 3583 660 3646 ad
676 3581 815 3668 Collegii
830 3582 1051 3644 detrimentum
1065 3605 1083 3645 e
1104 3583 1258 3645 memoria
1272 3606 1328 3646 cx-

180 3670 304 3748 cidant3
328 3667 533 3757 injungimus,
556 3680 587 3732 et
611 3669 820 3753 praecipiendo
842 3668 1040 3739 mandamus,
1066 3669 1162 3752 quod,
1186 3670 1326 3753 posthac,

179 3777 285 3818 omnes
308 3766 338 3819 et
361 3755 481 3840 singuli
502 3767 589 3818 actus
615 3754 766 3840 Collegii,
797 3752 1008 3838 cujuscunque
1038 3755 1160 3838 generis
1183 3756 1326 3837 existant,

180 3864 235 3928 per
249 3841 424 3907 Custodem
439 3853 471 3905 et
495 3840 603 3905 Socios
625 3840 832 3926 collegialiter
846 3841 990 3924 expediti,
1004 3841 1083 3903 infra
1106 3852 1167 3903 tres
1182 3840 1251 3904 dics
1265 3843 1327 3905 im·

181 3927 320 3992 mediate
332 3931 494 4013 sequentes
507 3928 709 4011 registrentur
724 3949 779 4011 per
792 3926 947 3989 seniorem
965 3924 1115 4008 juristam
1130 3939 1325 4011 praesentem,

182 4016 241 4078 sub
258 4016 325 4079 visu
338 4026 369 4079 et
390 4013 570 4078 testimonio
584 4013 730 4077 Custodis
749 4025 779 4076 et
796 4013 1040 4086 Bursariorum-;
1063 4025 1095 4076 et
1109 4015 1194 4097 quod
1218 4037 1327 4078 earum

182 4101 429 4182 concessionum,
444 4100 562 4185 quibus
576 4121 738 4163 commune
752 4098 899 4186 sigillum
917 4097 1036 4183 apponi
1049 4098 1136 4178 solet,
1156 4099 1325 4186 sigillatio,

182 4186 264 4250 ultra
286 4210 426 4252 mensem
453 4210 472 4249 a
494 4198 634 4270 tempore
657 4207 720 4269 quo
744 4208 839 4272 super
867 4185 982 4248 iisdem
1008 4185 1233 4248 concordatum
1256 4186 1326 4267 fuit,

181 4272 269 4336 nullo
292 4275 385 4339 modo
408 4273 582 4337 differatur.
630 4272 765 4336 Librum
783 4293 863 4351 ver0,
885 4271 919 4334 in
943 4292 1006 4355 quo
1031 4271 1184 4354 praedicta
1199 4272 1246 4336 sic
1270 4295 1328 4358 per

181 4358 335 4422 seniorem
345 4359 495 4442 juristam
510 4359 703 4445 registranda
717 4368 797 4436 sunt,
811 4379 905 4441 penes
922 4357 1096 4429 Bursarios,
1107 4358 1165 4441 qui
1179 4379 1236 4443 pro
1244 4369 1399 4592 τ

182 4466 256 4528 pore
273 4446 408 4526 ¹suerint,
431 4446 465 4509 in
487 4445 568 4511 cista
590 4468 649 4509 sua
672 4443 824 4509 custodiri
849 4445 1012 4523 volumus3
1039 4460 1082 4519 ut,
1098 4443 1221 4528 quoties
