3014 4898
354 372 492 439 Statores
507 377 545 459 of
555 373 612 436 All
628 372 721 438 Souis
736 372 860 458 Collepe,
881 374 1011 460 Osford,
1222 375 1267 439 45

113 543 326 628 prohibemus.
375 544 486 627 Siquis
507 567 581 607 vero
598 544 757 628 praedictae
779 546 990 628 prohibitioni
1012 538 1125 609 nost'rae
1147 560 1265 609 contra·
1279 566 1390 627 penalty.

113 631 243 700 venerit,
271 632 299 693 si
329 653 426 714 super
454 633 514 692 hoc
542 631 708 693 convictus
733 631 836 702 fuerit,
860 653 986 714 poeuam
1015 634 1212 696 scholaribus
1238 647 1269 694 et

114 715 218 781 Sociis
234 716 316 780 dicti
332 716 472 794 Collegii
487 731 573 779 extra
588 714 837 780 Universitatem
855 717 925 779 sine
941 718 1072 781 licentia
1087 719 1269 782 devillanti·

114 805 183 873 bus,
199 804 234 865 in
250 805 394 887 proximo
411 805 604 886 praecedente
619 803 762 886 capitulo
781 803 958 873 limitatam,
982 805 1142 868 incurrere
1159 805 1267 868 statui·

115 912 187 951 mus
201 903 232 952 et
251 889 403 960 volumus,
425 890 495 972 ipso
518 889 608 951 facto.
654 889 839 952 Statuentes.
857 904 1017 972 praeterea,
1033 913 1071 953 ac
1086 892 1182 954 etiam
1198 914 1268 974 pro·
1283 896 1450 974 injuryotbuiff

116 976 263 1038 hibentes
287 976 419 1037 firmiter
435 988 467 1037 et
485 997 639 1058 expresse,
665 997 704 1036 ne
727 975 894 1058 quisquam
917 975 1081 1039 Sociorum
1102 979 1153 1040 vel
1176 979 1270 1039 scho-
1283 963 1450 1073 ᾞὲώῖθξζῐο*

116 1061 233 1123 larium
257 1061 487 1145 praedictorum,
515 1060 564 1124 vel
595 1061 732 1123 aliorum
757 1061 974 1124 ministrorum
1000 1043 1365 1145 quorumcunque‚⁸⁰¹¹⁹⁸’
1415 1063 1422 1076 ’

113 1146 224 1230 jaciat,
239 1148 375 1229 sagittet,
395 1147 530 1230 lapides,
549 1146 641 1229 pilas,
662 1147 760 1225 ligna,
776 1161 890 1208 terram
907 1170 962 1210 seu
985 1149 1051 1211 alia
1065 1170 1270 1231 quascunque,

118 1246 173 1296 aut
186 1231 308 1315 aliquos
327 1233 418 1295 ludos
440 1256 495 1296 seu
513 1234 620 1317 jactus
637 1232 733 1295 faciat
747 1232 794 1295 vel
811 1247 965 1307 exerceat,
981 1257 1039 1297 nec
1055 1239 1096 1298 ab
1111 1235 1187 1298 aliis
1202 1235 1272 1298 fieri

117 1319 291 1405 permittat,
307 1320 388 1381 infra
404 1318 585 1399 Collegium
601 1319 799 1402 pradictum,
815 1318 957 1402 clausum
976 1321 1025 1383 vel
1045 1324 1172 1385 hortum
1191 1326 1271 1407 ejus-

119 1405 204 1477 dem,
230 1405 279 1468 vel
306 1421 403 1483 extra,
427 1428 484 1488 per
506 1426 577 1488 quae
604 1407 653 1466 vel
677 1428 786 1467 eorum
811 1406 943 1487 aliquod
967 1409 1103 1491 capella,
1127 1409 1200 1471 aula
1223 1407 1272 1468 vel

119 1493 232 1553 domus
247 1491 319 1554 aliae
334 1515 388 1553 seu
403 1491 550 1556 aediftcia.
565 1491 647 1553 dicti
662 1491 810 1577 Collegii,
823 1492 857 1553 in
873 1492 1018 1555 fenestris
1031 1494 1150 1562 vitreis,
1163 1495 1273 1563 muris,

119 1578 222 1655 tectis,
238 1578 444 1660 cooperturis,
460 1577 509 1639 vel
527 1577 607 1639 alias
621 1576 889 1660 qualitercunque,
904 1578 986 1640 intus
1001 1580 1049 1641 vel
1065 1593 1162 1655 extra,
1179 1602 1274 1664 supe-

121 1664 187 1725 rius
209 1662 259 1724 vel
281 1663 422 1730 inferius,
447 1663 597 1725 fracturas
616 1685 671 1724 seu
696 1663 853 1738 laesiones,
879 1677 933 1726 aut
956 1666 1107 1728 damnum
1133 1666 1274 1747 aliquod,

120 1749 281 1832 patiantur
304 1771 360 1810 seu
385 1750 521 1810 habeant
542 1749 791 1832 quomodolibet,
813 1750 860 1811 vel
880 1751 1045 1836 jacturam.
1093 1751 1136 1813 Et
1153 1753 1182 1817 si
1201 1752 1275 1833 quis
1287 1762 1398 1824 Penalty.

121 1835 156 1896 in
173 1837 232 1896 hoc
247 1858 321 1897 casu
336 1834 516 1916 deliquerit,
531 1849 562 1896 et
580 1857 675 1918 super
698 1837 760 1897 hoc
782 1837 944 1898 convictus
965 1836 1069 1915 fuerit,
1086 1860 1144 1920 pro
1160 1839 1275 1912 damno

121 1921 169 1984 sic
192 1943 249 2003 per
275 1944 348 1984 eum
375 1921 464 1983 illato
487 1921 656 1984 satisfaciat
680 1935 905 2003 competenter,
930 1935 960 1983 et
984 1922 1194 1985 nihilominus
1219 1946 1276 2006 per

122 2008 368 2070 subtractionem
392 2030 630 2069 communarum
654 2030 780 2070 suarum
801 2029 859 2089 per
882 2007 1087 2089 quindenam,
1106 2009 1154 2085 vel
1179 2031 1275 2071 unam

121 2094 333 2177 septimanam
347 2094 389 2155 ad
402 2094 518 2164 minus
534 2093 581 2155 vel
596 2093 661 2155 alio
673 2093 779 2162 modo,
795 2097 888 2177 juxta
902 2094 1128 2157 discretionem
1146 2110 1177 2157 et
1191 2096 1276 2156 ordi·

123 2181 285 2242 nationem
302 2179 452 2242 Custodis
472 2193 504 2241 et
519 2178 752 2249 Vicecustodis,
769 2178 975 2243 Decanorum
998 2193 1031 2244 et
1052 2181 1276 2259 bumarinrnm,

118 2266 211 2356 juxta
225 2265 409 2347 qualitatem
423 2265 547 2341 delicti,
564 2265 680 2327 acriter
693 2265 853 2349 puniatur,
865 2267 935 2328 sine
951 2267 1057 2329 favore
1070 2288 1277 2350 quocunque3

124 2374 164 2412 ne
178 2352 382 2435 perpetrandi
397 2351 518 2414 similia
533 2351 656 2413 caeteris
670 2351 804 2413 audacia
819 2352 984 2415 tribuatur.

124 2523 205 2606 Cap.
222 2521 415 2600 2l.—Qnod
435 2544 493 2586 nort
512 2523 575 2585 sint
593 2523 822 2606 conspiratores,
830 2526 1064 2606 juramentores,
1080 2535 1134 2588 out
1148 2525 1278 2588 semino-

167 2620 244 2672 tores
258 2610 483 2673 discordiarum
491 2630 503 2682 ;
525 2618 553 2672 et
568 2609 711 2692 quomodo
723 2610 888 2692 pocpfeari
902 2611 1023 2673 debant
1037 2611 1232 2674 dissessiones
1246 2612 1279 2673 in

172 2695 304 2779 Collepio
318 2705 486 2759 memorato.

169 2810 263 2892 ltem,
276 2836 358 2886 cum,
370 2815 542 2875 secundum
559 2811 754 2883 Sallustium,
770 2813 940 2876 concordia
954 2837 1059 2898 parvae
1073 2837 1124 2877 res
1138 2825 1279 2877 crescant
1291 2817 1446 2869 Exhorution

126 2907 161 2960 et
184 2899 343 2962 discordia
358 2899 507 2962 maximae
525 2898 716 2978 dilabantur,
732 2899 909 2979 statuimus,
924 2900 1108 2976 ordinamus
1133 2913 1163 2962 et
1188 2901 1275 2965 volu·
1291 2883 1402 2935 ⁰⁰⁰⁰⁰¹d·

127 3007 209 3065 mus,
225 2997 255 3048 et
279 2986 410 3048 firmiter
433 2984 624 3069 injungendo
649 2986 850 3064 mandamus,
877 3008 914 3049 ac
938 2987 973 3050 in
1000 2985 1174 3050 visceribus
1199 2987 1277 3051 Jesu

125 3071 250 3135 Christi
264 3072 434 3135 Custodem
456 3073 535 3135 dicti
558 3071 699 3156 Collegii
722 3094 890 3156 omnesque
911 3082 942 3135 et
965 3073 1108 3158 singulos
1122 3074 1233 3138 Socios
1247 3084 1278 3134 et

126 3157 296 3236 scholares,
321 3171 488 3241 praesentes
512 3169 541 3219 et
566 3159 696 3237 futuros,
712 3158 922 3237 obsecramus,
947 3170 990 3237 ut,
1016 3161 1051 3222 in
1077 3160 1221 3223 omnibus
1249 3171 1279 3221 et

126 3243 355 3326 superomnia,
370 3245 521 3307 unitatem
544 3257 574 3306 et
597 3256 742 3306 mutuam
766 3244 848 3306 inter
872 3267 905 3306 se
931 3245 1103 3323 caritatem,
1118 3267 1230 3330 pacem
1246 3258 1278 3308 et

126 3330 335 3408 concordiam,
364 3353 485 3413 semper
512 3331 655 3407 habeant,
686 3342 810 3393 teneant
839 3330 872 3391 in
902 3330 1050 3393 omnibus
1080 3331 1216 3393 fideliter
1247 3343 1278 3393 et

126 3418 300 3495 observent,
316 3437 374 3499 pro
397 3416 443 3476 eis
468 3416 645 3476 nutriendis
667 3425 701 3475 et
727 3415 867 3477 fovendis
891 3415 1004 3477 instent
1026 3439 1083 3498 pro
1107 3416 1226 3480 viribus
1248 3427 1279 3477 et
1311 3426 1314 3430 ⁴

128 3502 281 3563 anhelent.
328 3500 481 3583 Quodque
500 3522 610 3562 omnes
634 3499 849 3577 scurrilitates,
866 3500 1080 3583 ignominiosa
1094 3501 1194 3580 verba,
1208 3522 1278 3564 con-

129 3585 306 3663 tumeliosa,
319 3586 456 3670 brigosa,
472 3586 672 3664 contentiosa,
689 3584 804 3666 rigosa,
824 3585 984 3662 damnosa,
1004 3608 1141 3666 susurra,
1161 3587 1278 3671 jurgia,

128 3670 333 3756 turpiloquia,
348 3671 530 3750 derisiones,
547 3683 637 3755 atque
657 3669 723 3732 alia
743 3671 836 3732 verba
857 3670 975 3749 nociva,
990 3670 1131 3749 radiosa,
1148 3673 1279 3734 scanda-

129 3756 197 3819 losa
211 3768 241 3818 et
257 3756 473 3842 opprobriosa,
488 3780 524 3819 ac
547 3778 742 3841 quaecunque
765 3756 1014 3838 comparationes
1041 3757 1169 3836 odiosae,
1184 3757 1280 3820 verbo

128 3843 177 3906 vel
203 3845 293 3922 facto,
314 3865 410 3906 causa
436 3843 656 3906 commovendi
677 3842 789 3905 Socios
811 3841 859 3904 vel
883 3841 1038 3906 scholares
1063 3843 1231 3922 malitiose,
1245 3842 1280 3905 in

130 3951 182 3994 ore
202 3930 344 3992 omnium
365 3943 393 3991 et
416 3928 558 4013 personis
580 3928 775 4014 singulorum
794 3943 917 3990 cessent
940 3929 1069 3990 omnino
1089 3929 1280 4013 ubicunque,

131 4027 197 4078 tam
221 4016 304 4078 infra
330 4015 450 4077 dictum
475 4015 655 4100 Collegium
678 4037 773 4097 quam
797 4026 893 4092 extra,
907 4013 941 4075 in
958 4014 1086 4099 publico
1100 4027 1131 4077 et
1145 4014 1277 4099 privato.

133 4102 294 4186 Alioquin,
309 4102 411 4187 siquis
436 4102 601 4167 Sociorum
627 4112 657 4163 et
680 4100 873 4164 scholarium
897 4100 1128 4183 praedictorum,
1144 4101 1177 4162 iu
1200 4123 1278 4184 prae·
1291 4104 1438 4180 Pensttytqr

99 4261 103 4269 Ι
131 4189 241 4251 missis
257 4188 303 4250 vel
318 4211 421 4252 eonrm
438 4188 545 4272 aliquo
563 4197 725 4270 suspectus
747 4209 803 4249 seu
826 4186 905 4248 alias
927 4187 1096 4249 infamatus
1111 4187 1236 4266 existat,
1250 4198 1280 4248 et
1291 4186 1390 4282 32:¹⁰⁸
1401 4170 1450 4216 ‘¹¹⁸'

38 4271 43 4280 ’
131 4298 225 4359 super
239 4276 358 4338 eisdem
375 4275 422 4336 vel
439 4274 547 4358 aliquo
562 4273 740 4350 eorundem,
757 4295 863 4336 coram
877 4272 1019 4335 Custode
1034 4273 1113 4336 dicti
1128 4272 1280 4356 Collegii,
1354 4269 1361 4282 ’

131 4361 353 4424 assistentibus
377 4361 442 4424 sibi
467 4359 687 4438 Vicecustode,
703 4359 845 4422 Decanis
870 4370 900 4419 et
923 4359 1088 4437 bursariis,
1111 4381 1168 4443 per
1190 4371 1282 4421 testes

131 4447 271 4526 idoneos,
286 4448 332 4510 vel
357 4471 413 4530 per
436 4446 502 4530 ejus
526 4447 753 4510 confessionem
776 4467 882 4508 coram
905 4444 953 4507 eis
979 4445 1104 4523 factam,
1125 4444 1176 4508 vel
1200 4443 1281 4505 alias

133 4554 192 4616 per
219 4532 293 4597 facti
320 4535 519 4612 evidentiam,
549 4556 632 4612 rens,
657 4531 783 4616 judicio
812 4531 954 4595 omnium
983 4531 1205 4615 praedictorum
1234 4527 1282 4590 vel

134 4616 264 4702 majoris
279 4620 380 4704 partis
396 4620 548 4707 ipsorum,
560 4641 693 4706 quorum
706 4620 748 4682 ad
763 4619 870 4683 minus
890 4618 953 4681 duo
975 4618 1038 4681 sint
1057 4617 1187 4702 juristte,
1201 4614 1285 4683 side
