3014 4898
364 269 500 336 &aura
514 274 553 356 of
562 270 620 334 All
633 271 726 336 sauls
738 270 863 354 Callope,
885 268 1012 354 chord.
1227 265 1269 328 33

115 440 269 521 deputari,
301 456 393 526 prout
420 441 556 508 Custodi
580 441 629 504 vel
655 441 859 504 Vicecustodi
889 440 1051 503 videbitur
1082 440 1267 502 iaciendum.

115 524 240 598 Quibus
255 529 401 592 omnibus
417 542 448 592 et
474 528 621 613 singulis,
638 527 742 590 Sociis
767 537 799 590 et
823 526 995 610 capellanis
1016 540 1046 588 et
1076 526 1270 588 scholaribus

115 613 315 694 supradictis.
340 615 374 677 in
398 616 502 697 quiete
521 626 552 676 et
576 614 700 676 silentio
723 615 763 676 ab
789 613 958 699 integriore
981 625 1070 695 parte
1093 611 1269 675 tabularum

116 708 193 760 ωηο
208 700 489 773 discumbentibus,
505 713 536 762 et
550 701 701 762 lecturam
725 699 961 782 Scripturarum
977 721 1137 761 sacrarum
1150 696 1271 780 jugiter

116 799 148 844 et
176 796 291 848 attente
321 787 533 859 audientibus,
564 787 597 848 in
626 786 819 849 victualibus
849 799 1061 870 competenter
1084 797 1114 847 et
1145 785 1272 845 honeste

118 869 206 932 binis
221 882 296 934 tunc
311 872 344 935 in
358 894 421 937 uno
441 872 557 936 ferculo
579 872 692 935 serviri
719 872 864 934 volumus
878 884 909 935 et
929 871 1114 941 ministrari,
1130 870 1273 932 debonis

118 959 340 1021 communibus
360 960 441 1022 dicti
463 958 612 1044 collegii,
633 957 726 1042 juxta
744 957 965 1020 discretionem
988 970 1019 1020 et.
1040 956 1271 1020 ordinationem

117 1042 280 1118 Custodis,
297 1045 527 1117 Vicecustodis,
544 1045 756 1107 bursariorum
778 1058 809 1106 et
831 1043 1021 1106 seneschalli
1036 1042 1127 1121 aulae,
1143 1042 1200 1125 qui
1216 1063 1272 1124 pro

117 1139 257 1212 tempore
282 1132 405 1202 fuerint,
426 1154 465 1194 ac
487 1132 658 1194 secundum
684 1129 834 1214 temporis
857 1129 1046 1215 exigentiam
1072 1141 1103 1191 et
1128 1150 1271 1190 commu-

117 1237 227 1279 narum
255 1239 423 1297 summam,
454 1219 487 1279 in
518 1218 599 1301 ipsis
629 1217 757 1279 statutis
786 1226 816 1279 et
852 1216 1102 1279 ordinationibus
1132 1237 1186 1299 per
1216 1235 1272 1275 nos

118 1300 250 1364 inferius
265 1304 448 1368 limitatam.
494 1303 546 1366 Ita
564 1303 649 1387 quod
663 1303 808 1366 omnibus
824 1303 863 1364 de
878 1303 988 1365 eodem
1004 1324 1112 1384 gene-re
1128 1300 1270 1362 carnium

118 1399 148 1450 et
164 1388 301 1472 piscium
324 1391 529 1468 deserviatur,
548 1390 621 1466 nisi,
639 1401 763 1476 propter
781 1389 969 1452 victualium
991 1388 1166 1466 caristiam,
1184 1386 1271 1448 aliud

117 1474 157 1535 de
171 1476 358 1538 necessitate
373 1475 467 1538 fuerit
484 1475 673 1538 laciendum.

116 1682 195 1768 Cap.
216 1684 361 1750 lO.-De
374 1686 537 1750 communis
553 1684 712 1752 Sociorum
734 1695 762 1747 et
783 1686 966 1750 scholarium
983 1707 1020 1749 ac
1035 1686 1260 1768 capellanorum

546 1772 801 1857 septimanalibus.

163 1909 253 1988 Item,
269 1909 449 1980 statuimus,
464 1909 645 1972 ordinamus
667 1919 695 1970 et
717 1908 871 1986 volumus,
887 1909 971 1992 quod
993 1907 1166 1984 Sociorum,
1183 1907 1271 1971 scho-

119 1993 236 2058 larium
256 2007 285 2058 et
307 1994 552 2077 capellanorum,
572 1995 715 2057 omnium
733 2008 763 2057 et
783 1994 991 2077 singulorum,
1008 1993 1147 2080 Collegii
1163 2017 1273 2080 supra·

119 2081 204 2157 dicti,
242 2081 382 2144 Custode
419 2092 570 2163 except03
614 2103 672 2165 pro
709 2085 800 2164 cujus
836 2082 1008 2143 communis
1045 2081 1273 2163 septimanatim
1286 2089 1393 2136 Warden
1404 2100 1429 2137 to

118 2167 256 2251 duplum
278 2168 362 2230 illius
384 2168 468 2250 quod
493 2188 552 2251 pro
578 2166 714 2250 quolibet
739 2166 830 2230 Socio
852 2167 897 2229 vel
924 2166 1057 2229 scholari
1082 2169 1193 2250 exponi
1213 2183 1272 2227 sta·
1286 2153 1450 2265 b³⁷⁰d⁰¹²l¹⁶f

121 2255 250 2326 tuimus‚
266 2254 305 2315 de
326 2254 415 2316 bonis
439 2253 656 2316 communibus
679 2253 809 2334 expendi
834 2251 998 2326 volumus;
1021 2274 1196 2313 communae
1217 2274 1273 2335 pro
1286 2233 1422 2346 lglzliil’
1449 2256 1450 2263 ἵ

121 2340 307 2401 victualibus
336 2339 395 2399 sint
419 2337 564 2420 aequales,
588 2339 744 2421 quodque,
765 2339 860 2420 juxta
891 2339 1072 2399 varietatem
1096 2348 1273 2420 temporum

120 2426 350 2508 praedictorum,
365 2433 394 2486 et
406 2425 497 2506 juxta
511 2423 734 2485 discretionem.
745 2423 976 2506 dispositionem
994 2435 1024 2483 et
1038 2423 1273 2493 ordinationem,

121 2510 281 2587 Custodis,
305 2509 527 2580 Vicecustodis,
570 2509 780 2582 Decanorum,
810 2519 841 2570 et
871 2509 1092 2580 bursaiiorum,
1128 2507 1272 2595 Collegit,

121 2619 295 2660 communae
313 2596 493 2680 hujusmodi
506 2595 674 2660 varientur.
719 2595 906 2666 Statuentes,
928 2607 1087 2679 praeterea,
1109 2596 1193 2678 quod
1216 2598 1272 2658 fer·
1288 2603 1450 2668 Regulationi

120 2685 238 2746 tilitatis
264 2682 362 2752 antris,
386 2680 537 2762 videlicet,
563 2704 637 2744 cum
666 2682 861 2764 quarterium
891 2681 1037 2743 frumenti
1068 2682 1212 2745 venditur
1241 2682 1272 2743 in
1286 2666 1450 2780 ⁰⁰3¹¹¹¹¹⁰s¹¹⁸39

124 2769 247 2834 Oxonia
262 2791 316 2852 pro
330 2788 393 2830 uno
408 2767 501 2830 nobili
524 2768 570 2828 vel
596 2790 700 2851 supra,
726 2770 802 2830 citra
826 2780 931 2829 tamen
952 2768 1059 2829 decem
1080 2768 1204 2846 solidos,
1219 2749 1374 2851 propnoeo
1397 2747 1450 2781 Η

122 2855 260 2941 quolibet
275 2854 365 2917 Socio
380 2867 410 2916 et
425 2854 556 2916 scholari
574 2876 610 2916 ac
633 2852 798 2936 capellano
821 2855 894 2917 dicti
911 2852 1057 2940 collegii,
1073 2852 1274 2940 personaliter

122 2942 274 3004 existente
289 2943 410 3018 eodem,
419 2941 458 3003 ad
472 2941 605 3026 integras
613 2961 794 3002 communes
807 2940 973 3002 duodecim
990 2940 1110 3003 denarii
1122 2964 1130 3015 ;
1146 2940 1274 3024 quando

124 3050 196 3090 vero
225 3028 419 3111 quarterium
448 3026 628 3109 hujusmodi
652 3049 707 3111 pro
731 3028 835 3089 decem
858 3025 964 3089 solidis
989 3026 1035 3088 rel
1061 3049 1167 3112 supra,
1197 3028 1274 3090 citra

123 3126 227 3176 tamen
241 3113 387 3178 tredecim
404 3112 519 3175 solidos
536 3123 670 3196 quatuor
692 3113 844 3182 denarios,
865 3113 1016 3183 venditur,
1031 3123 1104 3178 tunc
1125 3126 1275 3197 quatuor·

122 3200 224 3263 decim
240 3199 374 3273 denarii3
398 3220 469 3260 cum
495 3212 603 3261 autem
628 3219 686 3281 pro
711 3199 857 3262 tredecim
882 3200 988 3261 solidis
1015 3212 1043 3261 et
1064 3212 1199 3282 quatuor
1221 3202 1275 3264 de-

125 3287 230 3355 nariis,
245 3284 293 3346 vel
310 3305 416 3369 supra,
432 3283 505 3346 inibi
526 3285 720 3367 quarterium
741 3283 885 3347 frumenti
904 3286 1065 3370 contigerit
1085 3285 1185 3358 vendi,
1202 3295 1276 3348 tunc

123 3371 281 3435 sexdecim
296 3370 435 3441 denarii;
457 3369 498 3431 ad
522 3392 613 3432 omne
639 3371 742 3451 majus
762 3390 817 3451 pro
833 3369 967 3451 quolibet
982 3371 1083 3448 Soci0,
1095 3371 1229 3433 scholari
1245 3382 1277 3433 et

122 3454 296 3540 capellano,
312 3455 474 3538 praedictis,
491 3476 546 3538 pro
562 3457 628 3516 suis
644 3456 829 3533 communis,
846 3456 1084 3536 septimanatim,
1094 3479 1149 3540 per
1163 3479 1276 3518 manus

124 3542 338 3604 bursariorum
353 3540 494 3624 ejusdem
515 3538 651 3624 Collegii
672 3540 726 3622 qui
750 3562 806 3624 pro
831 3553 970 3624 tempore
993 3541 1117 3612 fuerint,
1134 3543 1277 3604 debonis

124 3626 343 3690 communibus
358 3624 499 3707 ejusdem
523 3624 656 3707 Collegii
683 3625 785 3689 solum
809 3627 923 3712 exponi
947 3626 1067 3689 valeant
1082 3638 1113 3688 et
1132 3631 1274 3712 expendi.

126 3714 284 3785 Volentes,
300 3711 396 3795 quod,
412 3711 565 3794 quamdiu
584 3723 613 3774 et
635 3714 754 3795 quoties
774 3713 877 3796 prima
897 3712 1063 3777 duodecim
1077 3714 1276 3777 denariorum

124 3821 250 3864 summa
263 3797 422 3883 praedicta,
438 3799 486 3861 vel
509 3799 619 3872 minor,
636 3819 692 3881 pro
713 3799 862 3882 qualitate
882 3799 1030 3882 temporis
1044 3812 1076 3861 et
1091 3798 1278 3863 abundantia

125 3889 297 3962 fructuum,
321 3906 419 3968 usque
442 3883 483 3946 ad
504 3885 648 3947 undecim
676 3885 722 3947 vel
751 3884 858 3947 decem
883 3885 1084 3948 denariorum
1108 3908 1277 3960 summam,

123 3997 182 4059 pro
197 3974 336 4055 ipsorum
360 3972 535 4034 communis
560 3971 697 4033 sufficere
721 3971 818 4056 possit
843 3971 1046 4054 quovismodo
1060 3984 1276 4056 competenter,

125 4081 284 4124 summam
307 4077 366 4120 non
389 4057 607 4120 transcendant
630 4058 771 4135 eandem,
788 4079 887 4141 neque
913 4056 1047 4140 amplior
1070 4081 1196 4121 summa
1219 4082 1275 4143 pro

125 4146 263 4229 ipsorum
279 4144 455 4206 communis
476 4142 656 4226 hujusmodi
676 4144 715 4205 de
732 4143 822 4206 bonis
843 4144 918 4206 dicti
935 4142 1069 4229 Collegii
1083 4145 1275 4230 persolvatur

125 4253 181 4296 nec
205 4229 380 4314 aliqualiter
401 4230 612 4305 ministretur;
636 4231 700 4307 sed,
716 4230 798 4313 quod
822 4230 1018 4314 superfuerit,
1044 4232 1084 4293 ad
1106 4231 1274 4295 utilitatem

125 4316 258 4400 Collegii
289 4327 503 4379 convertatur:
541 4316 717 4399 septimanis
747 4316 778 4381 N
783 4316 928 4378 ativitatis
966 4316 1105 4393 Domini,
1139 4318 1432 4391 paschasianum

130 4403 333 4473 pentecostes,
352 4412 384 4464 et
405 4403 473 4463 aliis
496 4402 576 4464 festis
599 4400 778 4484 majoribus,
803 4403 955 4466 duntaxat
979 4408 1135 4489 exceptis3
1161 4404 1450 4506 quibusffiemmm

126 4486 312 4572 ampliorem
333 4509 503 4567 summam,
523 4486 619 4570 juxta
637 4486 798 4566 Custodia,
824 4512 877 4551 seu
903 4490 1127 4571 Vicecustodia,
1151 4502 1183 4554 et
1203 4464 1415 4647 bui-Ml?

668 4571 733 4656 (7.)
