3014 4898
144 164 159 187 ·
201 164 263 228 104
546 160 1005 247 Alisouucozoqestqora

199 337 336 424 negotia,
349 336 467 416 luerint,
483 334 587 419 ibique
603 355 661 419 per
679 333 890 418 septimanam
919 332 970 399 vel
993 332 1113 398 diutius
1137 330 1356 397 commorandi

199 445 326 488 causam
342 423 518 501 habuerint,
533 443 630 508 equos
649 421 767 484 ibidem
783 442 843 483 non
859 421 1021 500 retineant,
1035 420 1088 482 sed
1104 420 1228 485 eosdem
1244 421 1356 481 remit-

198 521 273 582 tunt,
288 509 407 594 pabulo
430 520 541 593 parato
564 509 605 572 ad
625 529 733 571 eorum
752 506 1015 586 sustentationem,
1030 507 1060 569 iu
1074 505 1208 593 Collegii
1228 504 1357 568 stabulo

200 595 333 660 alendos.
379 595 545 667 Praeterea,
562 595 750 672 ordinamus,
766 606 795 656 et
813 615 868 678 per
883 604 1047 676 praesentes
1060 593 1189 656 strietIm
1204 590 1355 676 praecipi-

200 704 272 744 mus
290 693 320 745 et
334 683 537 758 mandamus,
552 703 590 743 ne
608 679 725 742 Custos
747 680 880 764 posthac
903 679 1074 762 aliquando
1098 678 1280 743 Londinum
1297 687 1356 741 aut

199 767 272 840 alio,
285 790 345 851 pro
359 769 449 831 sectis
470 779 501 830 et
520 765 642 851 placitis
665 765 801 851 Collegii
824 765 1048 849 prosequendis
1070 775 1103 827 et
1125 764 1355 844 confirmandis,

200 854 432 938 proficiscat.ur;
447 853 505 915 nisi
520 874 594 915 cum
610 853 667 915 hoc
685 851 896 915 necessarium
912 853 1013 914 visum
1025 851 1128 922 tuerit,
1145 864 1175 914 ct
1189 851 1355 914 commode

200 963 259 1024 per
281 938 407 1006 Socium
429 949 485 1001 aut
512 939 610 1001 alium
634 961 707 1002 cum
731 938 851 1001 minore
876 949 1006 1022 sumptu
1027 938 1152 1023 negotia
1172 935 1356 1020 hujusmodi

200 1027 361 1110 procurari
375 1047 437 1088 non
450 1036 591 1108 possunt,
608 1023 732 1110 judicio
755 1045 863 1087 eorum
886 1024 927 1087 dc
947 1046 1083 1108 quorum
1104 1022 1229 1087 oonsilio
1251 1037 1283 1085 et
1304 1044 1357 1085 as-

200 1134 293 1175 sensu
309 1133 420 1175 causas
435 1123 488 1172 aut
508 1110 581 1173 lites
604 1132 713 1196 graves
736 1110 873 1195 incipere
892 1122 946 1174 aut
967 1112 1091 1194 incepta
1104 1110 1283 1173 continuare
1297 1131 1357 1192 per

202 1209 356 1261 statutum
374 1198 420 1280 (iu
435 1196 528 1260 titulo
542 1196 582 1259 de
597 1199 696 1260 officio
714 1195 878 1280 Custodis)
894 1196 1059 1262 limitatur.
1103 1195 1198 1269 Quod
1219 1194 1248 1258 si
1267 1216 1357 1258 secus

201 1282 319 1363 iecerit,
339 1283 482 1366 expensis
505 1284 568 1345 suis
590 1283 726 1367 propriis
750 1282 977 1366 proficiscatur,
999 1297 1030 1346 et
1053 1282 1139 1347 nullo
1162 1282 1256 1345 modo
1271 1281 1356 1343 Bur-

201 1370 275 1432 sarii
289 1382 435 1453 sumptus
451 1368 490 1432 de
507 1368 640 1465 Collegii
662 1369 752 1431 bonis
771 1369 800 1431 ei
819 1368 994 1448 retundant,
1010 1369 1069 1432 sub
1087 1371 1228 1453 ipsorum
1251 1367 1357 1431 debito

201 1456 531 1540 praestitijurameuti;
556 1477 645 1538 cujus
660 1453 770 1518 violati
785 1477 909 1539 poenam
929 1477 981 1518 eos
1002 1477 1061 1539 per
1075 1467 1244 1539 praesentes
1266 1458 1356 1518 inter·

200 1552 362 1627 protamur
378 1541 554 1605 incursuros
568 1563 646 1622 esse,
661 1542 686 1604 si
702 1553 805 1605 contra
818 1541 951 1621 iecerint,
969 1541 1037 1626 ipso
1052 1542 1144 1604 sacto.

249 1628 296 1690 18.
321 1628 409 1706 Item,
424 1627 626 1713 injungimus,
641 1640 671 1690 et
688 1627 816 1690 firmiter
828 1628 1037 1713 praecipiendo
1052 1628 1253 1700 mandamus,
1266 1627 1363 1714 quod-

201 1713 329 1785 Custos,
344 1712 482 1776 officiarii
496 1728 527 1777 et
542 1715 701 1800 clavigeri,
717 1714 792 1776 dicti
808 1714 942 1800 Collegii
958 1712 1136 1799 diligentius
1154 1737 1250 1798 quam
1270 1725 1359 1777 ante«

202 1799 261 1862 hac
286 1799 371 1863 circa
394 1822 517 1862 seruras
541 1822 688 1863 arcarum
710 1801 740 1862 in
766 1798 848 1862 turri
871 1798 1096 1883 impositurum
1119 1801 1301 1864 reserandas
1323 1798 1356 1863 in

201 1887 340 1971 personis
358 1885 425 1948 suis
440 1886 612 1957 intendant,
629 1887 688 1949 sub
703 1885 806 1950 debito
823 1882 1007 1968 juramenti,
1022 1908 1090 1966 nec,
1105 1886 1167 1949 nisi
1183 1884 1271 1967 justo
1292 1887 1355 1948 im-

202 1970 385 2054 pedimento
410 1972 533 2045 detenti,
559 1970 636 2034 alios
661 1994 718 2035 suo
744 1971 810 2034 loco
834 1972 1045 2050 substituant;
1075 1972 1258 2057 quostiam
1280 1995 1356 2036 casu

202 2057 348 2119 nolumus
366 2054 506 2138 juniores
531 2057 645 2138 Socios,
668 2056 724 2120 sed
748 2057 884 2121 seniores
908 2069 939 2120 et
962 2057 1160 2132 maturiores,
1183 2059 1224 2121 ad
1246 2080 1355 2122 eorum

202 2143 282 2207 vices
298 2142 493 2227 supplendas
507 2143 663 2230 delegari3
685 2143 743 2228 qui
758 2166 868 2207 curam
883 2142 1075 2209 adhibebunt
1090 2157 1124 2208 ut
1139 2168 1209 2229 quae
1224 2146 1263 2208 de
1277 2145 1357 2208 arcis

203 2239 345 2293 extracta
368 2228 493 2309 fuerint,
520 2231 552 2292 in
575 2231 745 2293 inventario
770 2232 802 2292 in
829 2230 921 2293 dictis
943 2230 1027 2294 arcis
1052 2232 1234 2316 reponendo,
1256 2231 1357 2296 donec

203 2317 315 2379 iterum
330 2317 519 2393 introducta,
533 2315 665 2381 fideliter
679 2316 898 2384 inscribantur.

250 2402 299 2467 19.
327 2401 418 2482 Item,
442 2402 517 2487 quia
542 2403 747 2487 praetenditur
775 2404 877 2466 favore
906 2401 953 2465 vel
983 2403 1175 2468 conniventia
1203 2402 1358 2467 Custodis

202 2486 312 2573 plures
327 2491 460 2551 antehac
478 2489 593 2568 Socios,
609 2500 750 2572 tempore
773 2512 832 2573 per
854 2500 1006 2553 statutum
1031 2490 1165 2575 Collegii
1184 2490 1249 2553 desi
1273 2501 1357 2569 nato,

203 2596 309 2636 sacros
329 2575 562 2658 presbyteratus
584 2576 705 2637 ordines
729 2596 790 2637 nou
814 2577 998 2674 suscepisse,
1014 2575 1151 2660 indeque
1168 2513 1356 2639 Fundatoris

203 2659 296 2743 pium
312 2659 512 2742 propositum
526 2659 566 2720 ad
581 2661 832 2741 promovendum
844 2658 1021 2724 clericalem
1040 2671 1157 2725 statum
1172 2663 1356 2726 frustratum

204 2745 323 2821 luisse3
348 2765 416 2833 uos,
430 2743 506 2806 huic
521 2743 606 2807 malo
621 2745 786 2808 subvenire
807 2746 982 2829 cupientes,
1002 2770 1059 2831 per
1080 2760 1250 2832 praesentes
1272 2771 1356 2832 pree-

204 2830 355 2914 cipimus‚
368 2843 395 2892 ct
414 2828 546 2893 firmiter
563 2828 754 2916 injungendo
770 2833 967 2911 mandamus,
982 2835 1077 2917 quod,
1093 2835 1235 2918 posthac,
1247 2857 1356 2898 omnes

204 2927 236 2978 et
258 2914 373 3000 singuli
396 2915 454 2999 qui
479 2917 720 3000 (impedimento
750 2929 889 2981 cessante
907 2919 1068 3004 legitimo,
1094 2943 1151 3004 per
1173 2921 1356 2999 Custodem,

205 3002 346 3065 Decanos
360 3011 391 3063 et
408 3001 579 3081 Bursarios,
595 3003 816 3088 approbando)
838 3003 919 3066 infra
933 3017 1057 3090 tempus
1075 3029 1131 3091 per
1145 3006 1279 3092 Collegii
1295 3018 1355 3068 sta·

203 3100 308 3149 tutum
322 3087 522 3171 requisitum,
537 3088 577 3150 ad
599 3091 807 3152 sacerdotium
823 3113 856 3152 se
872 3113 932 3154 non
948 3092 1074 3155 fecerint
1089 3092 1277 3176 promoveri,
1294 3090 1356 3154 nisi

204 3186 317 3237 extunc
342 3173 425 3235 infra
447 3197 503 3236 sex
525 3197 648 3238 menses
672 3175 848 3239 immediate
871 3189 1034 3261 sequentes
1057 3181 1150 3263 (quos
1173 3181 1242 3243 loco
1261 3179 1355 3241 inter-

205 3259 378 3344 pellationis
393 3259 459 3323 sive
475 3262 657 3336 monitionis,
673 3262 702 3324 in
715 3275 830 3325 statuto
845 3263 885 3325 de
900 3277 1041 3348 tempore
1056 3266 1238 3329 assumendi
1253 3287 1357 3329 sacros

204 3346 321 3409 ordines
336 3348 544 3418 mentionatae,
563 3349 818 3433 interpretamur)
840 3373 872 3411 se
895 3350 1097 3416 effectualiter
1119 3354 1311 3438 correperint,
1326 3364 1356 3413 et

205 3432 237 3494 id
261 3433 437 3496 testimonio
464 3432 621 3496 literarum
652 3458 776 3499 suarum
807 3435 848 3500 ad
880 3437 1000 3500 ordines
1030 3461 1135 3500 coram
1162 3440 1301 3504 Custode
1325 3448 1357 3501 et

207 3518 334 3581 Decaoo
350 3519 506 3582 facultatis
522 3542 585 3583 suae
601 3521 849 3604 approbaverint,
866 3521 957 3586 dictis
979 3547 1032 3586 sex
1053 3525 1208 3589 mensibus
1230 3525 1358 3610 elapsis,

206 3625 261 3687 pro
276 3627 339 3667 non
355 3603 454 3667 Sociis
469 3605 540 3667 dicti
558 3605 691 3691 Collegii
708 3608 776 3691 ipso
792 3607 873 3670 lacto
887 3607 1068 3673 habeantur.

248 3692 300 3753 90.
325 3690 417 3766 Item,
434 3712 517 3768 cum,
541 3691 602 3753 fide
624 3692 789 3778 dignorum
813 3694 961 3759 relatione
983 3696 1115 3760 antehac
1134 3697 1302 3766 informati,
1319 3715 1356 3756 ex

205 3797 322 3859 magno
348 3798 474 3839 numero
497 3799 659 3861 puerorum
683 3792 713 3842 et
736 3778 1036 3845 adolescentulorum
1064 3803 1123 3845 non
1148 3782 1186 3844 de
1211 3779 1355 3860 Collegio

206 3862 286 3923 infra
316 3859 496 3946 Collegium
531 3862 679 3927 alitorum
715 3877 746 3927 et
776 3868 977 3947 nutritorum,
1008 3869 1194 3930 detrimenta
1223 3861 1355 3944 Collegii

205 3968 322 4031 magna
351 3948 497 4020 evenisse,
524 3949 719 4033 injunximus
749 3972 787 4014 nc
817 3950 898 4013 ullus
925 3954 1089 4016 Sociorum
1114 3961 1144 4012 et
1167 3947 1354 4012 scholarium

207 4032 412 4116 (Ductoribus
435 4034 586 4098 duntaxat
611 4037 764 4120 exceptis)
793 4037 948 4100 famulum
975 4037 1113 4101 indicto
1138 4034 1282 4118 Collegio
1305 4055 1353 4096 ac·

204 4120 328 4203 ciperet,
345 4119 477 4184 nutriret
498 4132 554 4182 aut
577 4131 776 4198 sustentaret,
794 4123 859 4187 sine
880 4144 1027 4206 expresso
1042 4140 1191 4184 consensu
1208 4120 1356 4182 Custodis

204 4205 245 4267 ad
260 4204 294 4266 id
310 4207 397 4288 prius
415 4205 445 4266 in
466 4207 588 4290 scriptis
607 4209 733 4272 obtento
750 4219 779 4270 ct
793 4208 954 4292 impetrato
963 4231 973 4284 ;
995 4221 1027 4269 et
1041 4207 1254 4271 monuerimus
1268 4206 1356 4290 quod

205 4289 319 4355 Custos
338 4290 368 4352 i'n
387 4291 571 4377 admissione
593 4304 626 4356 et
648 4294 870 4380 approbatione
892 4289 1070 4374 hujusmodi
1093 4292 1282 4356 famulorum
1305 4316 1356 4358 ra·

203 4377 317 4441 tionem
332 4375 469 4448 haberet,
489 4398 527 4441 ne
546 4379 623 4461 quid
645 4380 720 4443 inde
731 4378 871 4465 vCollegii
895 4389 1006 4442 statusv
1018 4379 1192 4444 detrimenti
1210 4391 1355 4466 caperet;
