<?xml version="1.0" encoding="UTF-8"?>
<!DOCTYPE html PUBLIC "-//W3C//DTD XHTML 1.0 Transitional//EN"
    "http://www.w3.org/TR/xhtml1/DTD/xhtml1-transitional.dtd">
<html xmlns="http://www.w3.org/1999/xhtml" xml:lang="en" lang="en">
 <head>
  <title>
</title>
<meta http-equiv="Content-Type" content="text/html;charset=utf-8" />
  <meta name='ocr-system' content='tesseract 3.04.00' />
  <meta name='ocr-capabilities' content='ocr_page ocr_carea ocr_par ocr_line ocrx_word'/>
</head>
<body>
  <div class='ocr_page' id='page_1' title='image "./statutescollege01bondgoog_0090.png"; bbox 0 0 3014 4898; ppageno 0'>
   <div class='ocr_carea' id='block_1_1' title="bbox 246 244 1053 332">
    <p class='ocr_par' dir='ltr' id='par_1_1' title="bbox 246 244 1053 332">
     <span class='ocr_line' id='line_1_1' title="bbox 246 244 1053 332; baseline -0.002 -21"><span class='ocrx_word' id='word_1_1' title='bbox 246 246 290 311; x_wconf 83' lang='lat'>84</span> <span class='ocrx_word' id='word_1_2' title='bbox 593 245 651 311; x_wconf 84' lang='lat' dir='ltr'>All</span> <span class='ocrx_word' id='word_1_3' title='bbox 664 246 758 314; x_wconf 72' lang='lat' dir='ltr'>sous</span> <span class='ocrx_word' id='word_1_4' title='bbox 777 244 904 332; x_wconf 71' lang='lat' dir='ltr'>Callope,</span> <span class='ocrx_word' id='word_1_5' title='bbox 925 244 1053 331; x_wconf 70' lang='lat' dir='ltr'>Ooeford</span> 
     </span>
    </p>
   </div>
   <div class='ocr_carea' id='block_1_2' title="bbox 247 415 1406 566">
    <p class='ocr_par' dir='ltr' id='par_1_2' title="bbox 247 415 1406 566">
     <span class='ocr_line' id='line_1_2' title="bbox 247 415 1406 566; baseline 0 -85"><span class='ocrx_word' id='word_1_6' title='bbox 247 427 370 496; x_wconf 88' lang='lat' dir='ltr'>runtur,</span> <span class='ocrx_word' id='word_1_7' title='bbox 387 417 529 501; x_wconf 87' lang='lat' dir='ltr'>impediri</span> <span class='ocrx_word' id='word_1_8' title='bbox 545 417 580 480; x_wconf 92' lang='lat' dir='ltr'>in</span> <span class='ocrx_word' id='word_1_9' title='bbox 595 429 756 501; x_wconf 87' lang='lat' dir='ltr'>posterum</span> <span class='ocrx_word' id='word_1_10' title='bbox 782 418 955 566; x_wconf 59' lang='lat' dir='ltr'>⁰⁰¹¹llhss⁶¹⁸lb</span> <span class='ocrx_word' id='word_1_11' title='bbox 979 416 1061 501; x_wconf 89' lang='lat' dir='ltr'>quod</span> <span class='ocrx_word' id='word_1_12' title='bbox 1084 428 1157 480; x_wconf 98' lang='grc' dir='ltr'>ωηο</span> <span class='ocrx_word' id='word_1_13' title='bbox 1180 415 1292 481; x_wconf 84' lang='lat' dir='ltr'>Custos</span> <span class='ocrx_word' id='word_1_14' title='bbox 1317 419 1406 482; x_wconf 91' lang='lat' dir='ltr'>dicti</span> 
     </span>
    </p>
   </div>
   <div class='ocr_carea' id='block_1_3' title="bbox 239 502 1406 4537">
    <p class='ocr_par' dir='ltr' id='par_1_3' title="bbox 244 502 1406 2110">
     <span class='ocr_line' id='line_1_3' title="bbox 247 502 1406 589; baseline 0.003 -23"><span class='ocrx_word' id='word_1_15' title='bbox 247 504 398 589; x_wconf 88' lang='lat' dir='ltr'>Collegii,</span> <span class='ocrx_word' id='word_1_16' title='bbox 426 526 485 587; x_wconf 91' lang='lat' dir='ltr'>pro</span> <span class='ocrx_word' id='word_1_17' title='bbox 514 516 655 587; x_wconf 88' lang='lat' dir='ltr'>tempore</span> <span class='ocrx_word' id='word_1_18' title='bbox 683 504 828 579; x_wconf 85' lang='lat' dir='ltr'>existens,</span> <span class='ocrx_word' id='word_1_19' title='bbox 885 526 986 565; x_wconf 91' lang='lat' dir='ltr'>rmam</span> <span class='ocrx_word' id='word_1_20' title='bbox 1017 502 1104 566; x_wconf 91' lang='lat' dir='ltr'>illam</span> <span class='ocrx_word' id='word_1_21' title='bbox 1134 525 1192 587; x_wconf 92' lang='lat' dir='ltr'>pro</span> <span class='ocrx_word' id='word_1_22' title='bbox 1221 526 1284 568; x_wconf 90' lang='lat' dir='ltr'>uno</span> <span class='ocrx_word' id='word_1_23' title='bbox 1314 527 1406 570; x_wconf 88' lang='lat' dir='ltr'>anno</span> 
     </span>
     <span class='ocr_line' id='line_1_4' title="bbox 247 587 1404 676; baseline 0 -23"><span class='ocrx_word' id='word_1_24' title='bbox 247 591 377 676; x_wconf 80' lang='lat' dir='ltr'>integro,</span> <span class='ocrx_word' id='word_1_25' title='bbox 394 613 413 652; x_wconf 88' lang='lat' dir='ltr'>a</span> <span class='ocrx_word' id='word_1_26' title='bbox 427 602 569 673; x_wconf 87' lang='lat' dir='ltr'>ternpore</span> <span class='ocrx_word' id='word_1_27' title='bbox 590 591 700 652; x_wconf 89' lang='lat' dir='ltr'>ultimo</span> <span class='ocrx_word' id='word_1_28' title='bbox 723 590 893 653; x_wconf 81' lang='lat' dir='ltr'>vacationis</span> <span class='ocrx_word' id='word_1_29' title='bbox 912 587 1054 672; x_wconf 86' lang='lat' dir='ltr'>ejusdem</span> <span class='ocrx_word' id='word_1_30' title='bbox 1077 590 1255 673; x_wconf 80' lang='lat' dir='ltr'>incipiente,</span> <span class='ocrx_word' id='word_1_31' title='bbox 1278 601 1309 652; x_wconf 92' lang='lat' dir='ltr'>et</span> <span class='ocrx_word' id='word_1_32' title='bbox 1336 612 1404 653; x_wconf 92' lang='grc' dir='ltr'>ηοη</span> 
     </span>
     <span class='ocr_line' id='line_1_5' title="bbox 247 675 1404 762; baseline 0.002 -25"><span class='ocrx_word' id='word_1_33' title='bbox 247 675 340 747; x_wconf 87' lang='lat' dir='ltr'>ultra,</span> <span class='ocrx_word' id='word_1_34' title='bbox 363 677 405 739; x_wconf 86' lang='lat' dir='ltr'>ad</span> <span class='ocrx_word' id='word_1_35' title='bbox 431 676 597 738; x_wconf 76' lang='lat' dir='ltr'>utilitatem</span> <span class='ocrx_word' id='word_1_36' title='bbox 620 676 766 762; x_wconf 89' lang='lat' dir='ltr'>Collegii,</span> <span class='ocrx_word' id='word_1_37' title='bbox 783 677 870 759; x_wconf 85' lang='lat' dir='ltr'>justa</span> <span class='ocrx_word' id='word_1_38' title='bbox 894 676 1035 738; x_wconf 81' lang='lat' dir='ltr'>mercede</span> <span class='ocrx_word' id='word_1_39' title='bbox 1052 677 1157 738; x_wconf 89' lang='lat' dir='ltr'>locare</span> <span class='ocrx_word' id='word_1_40' title='bbox 1181 688 1211 737; x_wconf 88' lang='lat' dir='ltr'>et</span> <span class='ocrx_word' id='word_1_41' title='bbox 1227 677 1404 740; x_wconf 80' lang='lat' dir='ltr'>concedere</span> 
     </span>
     <span class='ocr_line' id='line_1_6' title="bbox 247 761 1401 846; baseline 0.001 -23"><span class='ocrx_word' id='word_1_42' title='bbox 247 762 347 846; x_wconf 81' lang='lat' dir='ltr'>possit</span> <span class='ocrx_word' id='word_1_43' title='bbox 368 773 400 825; x_wconf 89' lang='lat' dir='ltr'>et</span> <span class='ocrx_word' id='word_1_44' title='bbox 423 761 531 825; x_wconf 83' lang='lat' dir='ltr'>valeat.</span> <span class='ocrx_word' id='word_1_45' title='bbox 579 762 619 823; x_wconf 85' lang='lat' dir='ltr'>Et</span> <span class='ocrx_word' id='word_1_46' title='bbox 634 763 730 844; x_wconf 85' lang='lat' dir='ltr'>quod,</span> <span class='ocrx_word' id='word_1_47' title='bbox 745 762 824 824; x_wconf 85' lang='lat' dir='ltr'>infra</span> <span class='ocrx_word' id='word_1_48' title='bbox 839 783 956 823; x_wconf 87' lang='lat' dir='ltr'>annum</span> <span class='ocrx_word' id='word_1_49' title='bbox 972 761 1072 840; x_wconf 91' lang='lat' dir='ltr'>illum,</span> <span class='ocrx_word' id='word_1_50' title='bbox 1089 771 1144 824; x_wconf 89' lang='lat' dir='ltr'>aut</span> <span class='ocrx_word' id='word_1_51' title='bbox 1157 763 1267 825; x_wconf 88' lang='lat' dir='ltr'>saltem</span> <span class='ocrx_word' id='word_1_52' title='bbox 1283 762 1315 823; x_wconf 93' lang='lat' dir='ltr'>in</span> <span class='ocrx_word' id='word_1_53' title='bbox 1335 761 1401 824; x_wconf 86' lang='lat' dir='ltr'>fine</span> 
     </span>
     <span class='ocr_line' id='line_1_7' title="bbox 247 846 1403 930; baseline 0.002 -21"><span class='ocrx_word' id='word_1_54' title='bbox 247 847 259 909; x_wconf 92' lang='lat' dir='ltr'>i</span> <span class='ocrx_word' id='word_1_55' title='bbox 285 847 351 910; x_wconf 89' lang='lat' dir='ltr'>sius</span> <span class='ocrx_word' id='word_1_56' title='bbox 367 848 450 926; x_wconf 89' lang='lat' dir='ltr'>anni,</span> <span class='ocrx_word' id='word_1_57' title='bbox 474 846 586 910; x_wconf 87' lang='lat' dir='ltr'>Custos</span> <span class='ocrx_word' id='word_1_58' title='bbox 600 848 768 930; x_wconf 87' lang='lat' dir='ltr'>praedictus</span> <span class='ocrx_word' id='word_1_59' title='bbox 783 869 893 910; x_wconf 88' lang='lat' dir='ltr'>omnes</span> <span class='ocrx_word' id='word_1_60' title='bbox 908 858 938 909; x_wconf 88' lang='lat' dir='ltr'>et</span> <span class='ocrx_word' id='word_1_61' title='bbox 953 848 1088 928; x_wconf 82' lang='lat' dir='ltr'>singulos</span> <span class='ocrx_word' id='word_1_62' title='bbox 1104 847 1208 911; x_wconf 86' lang='lat' dir='ltr'>Socios</span> <span class='ocrx_word' id='word_1_63' title='bbox 1223 859 1298 910; x_wconf 88' lang='lat' dir='ltr'>tunc</span> <span class='ocrx_word' id='word_1_64' title='bbox 1316 847 1403 911; x_wconf 79' lang='lat' dir='ltr'>inira</span> 
     </span>
     <span class='ocr_line' id='line_1_8' title="bbox 249 871 1401 1016; baseline -0.002 -19"><span class='ocrx_word' id='word_1_65' title='bbox 249 871 485 997; x_wconf 75' lang='lat' dir='ltr'>[iniversitatem</span> <span class='ocrx_word' id='word_1_66' title='bbox 521 932 731 1005; x_wconf 60' lang='lat' dir='ltr'>existentesor,</span> <span class='ocrx_word' id='word_1_67' title='bbox 757 956 857 1016; x_wconf 92' lang='lat' dir='ltr'>quum</span> <span class='ocrx_word' id='word_1_68' title='bbox 888 955 975 997; x_wconf 87' lang='lat' dir='ltr'>voces</span> <span class='ocrx_word' id='word_1_69' title='bbox 1005 932 1180 996; x_wconf 87' lang='lat' dir='ltr'>necessario</span> <span class='ocrx_word' id='word_1_70' title='bbox 1210 934 1251 997; x_wconf 88' lang='lat' dir='ltr'>ad</span> <span class='ocrx_word' id='word_1_71' title='bbox 1280 954 1401 996; x_wconf 88' lang='lat' dir='ltr'>conce-</span> 
     </span>
     <span class='ocr_line' id='line_1_9' title="bbox 246 1018 1401 1102; baseline 0 -21"><span class='ocrx_word' id='word_1_72' title='bbox 246 1019 380 1082; x_wconf 90' lang='lat' dir='ltr'>dendam</span> <span class='ocrx_word' id='word_1_73' title='bbox 405 1031 436 1082; x_wconf 90' lang='lat' dir='ltr'>et</span> <span class='ocrx_word' id='word_1_74' title='bbox 463 1019 628 1080; x_wconf 85' lang='lat' dir='ltr'>locandam</span> <span class='ocrx_word' id='word_1_75' title='bbox 658 1019 781 1081; x_wconf 89' lang='lat' dir='ltr'>firmam</span> <span class='ocrx_word' id='word_1_76' title='bbox 810 1019 898 1081; x_wconf 90' lang='lat' dir='ltr'>illam</span> <span class='ocrx_word' id='word_1_77' title='bbox 928 1020 1139 1102; x_wconf 90' lang='lat' dir='ltr'>requiruntur,</span> <span class='ocrx_word' id='word_1_78' title='bbox 1170 1018 1336 1083; x_wconf 86' lang='lat' dir='ltr'>convocari</span> <span class='ocrx_word' id='word_1_79' title='bbox 1366 1032 1401 1082; x_wconf 88' lang='lat' dir='ltr'>at</span> 
     </span>
     <span class='ocr_line' id='line_1_10' title="bbox 246 1104 1399 1191; baseline 0.001 -25"><span class='ocrx_word' id='word_1_80' title='bbox 246 1105 427 1191; x_wconf 84' lang='lat' dir='ltr'>congregari</span> <span class='ocrx_word' id='word_1_81' title='bbox 441 1104 550 1182; x_wconf 86' lang='lat' dir='ltr'>faciet;</span> <span class='ocrx_word' id='word_1_82' title='bbox 577 1117 606 1166; x_wconf 92' lang='lat' dir='ltr'>et</span> <span class='ocrx_word' id='word_1_83' title='bbox 633 1106 725 1188; x_wconf 89' lang='lat' dir='ltr'>quod,</span> <span class='ocrx_word' id='word_1_84' title='bbox 751 1105 812 1168; x_wconf 90' lang='lat' dir='ltr'>illis</span> <span class='ocrx_word' id='word_1_85' title='bbox 834 1127 940 1167; x_wconf 89' lang='lat' dir='ltr'>vocem</span> <span class='ocrx_word' id='word_1_86' title='bbox 962 1105 1181 1183; x_wconf 87' lang='lat' dir='ltr'>neeessariam,</span> <span class='ocrx_word' id='word_1_87' title='bbox 1204 1115 1239 1167; x_wconf 91' lang='lat' dir='ltr'>ut</span> <span class='ocrx_word' id='word_1_88' title='bbox 1253 1105 1399 1188; x_wconf 70' lang='lat' dir='ltr'>praemit·</span> 
     </span>
     <span class='ocr_line' id='line_1_11' title="bbox 245 1190 1398 1274; baseline 0 -21"><span class='ocrx_word' id='word_1_89' title='bbox 245 1191 332 1269; x_wconf 89' lang='lat' dir='ltr'>titur,</span> <span class='ocrx_word' id='word_1_90' title='bbox 359 1190 548 1254; x_wconf 79' lang='lat' dir='ltr'>habentibus</span> <span class='ocrx_word' id='word_1_91' title='bbox 573 1191 675 1254; x_wconf 89' lang='lat' dir='ltr'>denuo</span> <span class='ocrx_word' id='word_1_92' title='bbox 698 1190 947 1254; x_wconf 83' lang='lat' dir='ltr'>dissentientibus</span> <span class='ocrx_word' id='word_1_93' title='bbox 972 1201 1002 1252; x_wconf 92' lang='lat' dir='ltr'>et</span> <span class='ocrx_word' id='word_1_94' title='bbox 1028 1190 1284 1274; x_wconf 85' lang='lat' dir='ltr'>discrepantibus,</span> <span class='ocrx_word' id='word_1_95' title='bbox 1309 1190 1398 1253; x_wconf 89' lang='lat' dir='ltr'>idern</span> 
     </span>
     <span class='ocr_line' id='line_1_12' title="bbox 247 1275 1398 1359; baseline 0.001 -21"><span class='ocrx_word' id='word_1_96' title='bbox 247 1275 363 1339; x_wconf 85' lang='lat' dir='ltr'>Custos</span> <span class='ocrx_word' id='word_1_97' title='bbox 377 1298 436 1359; x_wconf 91' lang='lat' dir='ltr'>pro</span> <span class='ocrx_word' id='word_1_98' title='bbox 451 1286 592 1359; x_wconf 89' lang='lat' dir='ltr'>tempore</span> <span class='ocrx_word' id='word_1_99' title='bbox 606 1279 737 1339; x_wconf 85' lang='lat' dir='ltr'>existens</span> <span class='ocrx_word' id='word_1_100' title='bbox 752 1277 884 1340; x_wconf 88' lang='lat' dir='ltr'>eandem</span> <span class='ocrx_word' id='word_1_101' title='bbox 900 1277 1025 1339; x_wconf 87' lang='lat' dir='ltr'>firmam</span> <span class='ocrx_word' id='word_1_102' title='bbox 1041 1298 1101 1359; x_wconf 88' lang='lat' dir='ltr'>pro</span> <span class='ocrx_word' id='word_1_103' title='bbox 1116 1276 1215 1340; x_wconf 89' lang='lat' dir='ltr'>altero</span> <span class='ocrx_word' id='word_1_104' title='bbox 1231 1297 1324 1348; x_wconf 89' lang='lat' dir='ltr'>anno,</span> <span class='ocrx_word' id='word_1_105' title='bbox 1349 1278 1398 1339; x_wconf 91' lang='lat' dir='ltr'>uti</span> 
     </span>
     <span class='ocr_line' id='line_1_13' title="bbox 246 1361 1397 1447; baseline 0.001 -23"><span class='ocrx_word' id='word_1_106' title='bbox 246 1384 352 1444; x_wconf 85' lang='lat' dir='ltr'>supra,</span> <span class='ocrx_word' id='word_1_107' title='bbox 367 1361 469 1424; x_wconf 87' lang='lat' dir='ltr'>locare</span> <span class='ocrx_word' id='word_1_108' title='bbox 485 1376 515 1425; x_wconf 86' lang='lat' dir='ltr'>et</span> <span class='ocrx_word' id='word_1_109' title='bbox 530 1364 697 1426; x_wconf 87' lang='lat' dir='ltr'>concedere</span> <span class='ocrx_word' id='word_1_110' title='bbox 711 1363 812 1447; x_wconf 90' lang='lat' dir='ltr'>possit</span> <span class='ocrx_word' id='word_1_111' title='bbox 824 1373 852 1425; x_wconf 88' lang='lat' dir='ltr'>et</span> <span class='ocrx_word' id='word_1_112' title='bbox 869 1364 982 1439; x_wconf 87' lang='lat' dir='ltr'>valeat,</span> <span class='ocrx_word' id='word_1_113' title='bbox 995 1377 1026 1424; x_wconf 90' lang='lat' dir='ltr'>et</span> <span class='ocrx_word' id='word_1_114' title='bbox 1039 1385 1101 1426; x_wconf 92' lang='lat' dir='ltr'>non</span> <span class='ocrx_word' id='word_1_115' title='bbox 1116 1362 1209 1426; x_wconf 80' lang='lat' dir='ltr'>ultra.</span> <span class='ocrx_word' id='word_1_116' title='bbox 1252 1361 1294 1424; x_wconf 84' lang='lat' dir='ltr'>Et</span> <span class='ocrx_word' id='word_1_117' title='bbox 1307 1364 1397 1446; x_wconf 90' lang='lat' dir='ltr'>quod</span> 
     </span>
     <span class='ocr_line' id='line_1_14' title="bbox 247 1447 1397 1531; baseline 0.003 -22"><span class='ocrx_word' id='word_1_118' title='bbox 247 1447 294 1509; x_wconf 89' lang='lat' dir='ltr'>sic</span> <span class='ocrx_word' id='word_1_119' title='bbox 310 1447 402 1510; x_wconf 76' lang='lat' dir='ltr'>faciet</span> <span class='ocrx_word' id='word_1_120' title='bbox 424 1449 462 1511; x_wconf 91' lang='lat' dir='ltr'>de</span> <span class='ocrx_word' id='word_1_121' title='bbox 484 1470 566 1511; x_wconf 90' lang='lat' dir='ltr'>anno</span> <span class='ocrx_word' id='word_1_122' title='bbox 590 1448 625 1510; x_wconf 92' lang='lat' dir='ltr'>in</span> <span class='ocrx_word' id='word_1_123' title='bbox 650 1472 778 1518; x_wconf 88' lang='lat' dir='ltr'>annum,</span> <span class='ocrx_word' id='word_1_124' title='bbox 803 1450 900 1511; x_wconf 90' lang='lat' dir='ltr'>donec</span> <span class='ocrx_word' id='word_1_125' title='bbox 924 1468 1031 1510; x_wconf 90' lang='lat' dir='ltr'>omnes</span> <span class='ocrx_word' id='word_1_126' title='bbox 1054 1460 1085 1510; x_wconf 91' lang='lat' dir='ltr'>et</span> <span class='ocrx_word' id='word_1_127' title='bbox 1107 1447 1236 1531; x_wconf 83' lang='lat' dir='ltr'>singuli,</span> <span class='ocrx_word' id='word_1_128' title='bbox 1258 1468 1397 1531; x_wconf 90' lang='lat' dir='ltr'>quorum</span> 
     </span>
     <span class='ocr_line' id='line_1_15' title="bbox 245 1533 1396 1629; baseline 0.003 -35"><span class='ocrx_word' id='word_1_129' title='bbox 245 1553 337 1596; x_wconf 87' lang='lat' dir='ltr'>voces</span> <span class='ocrx_word' id='word_1_130' title='bbox 353 1533 386 1594; x_wconf 91' lang='lat' dir='ltr'>iu</span> <span class='ocrx_word' id='word_1_131' title='bbox 402 1533 557 1596; x_wconf 89' lang='lat' dir='ltr'>locatione</span> <span class='ocrx_word' id='word_1_132' title='bbox 573 1536 734 1597; x_wconf 88' lang='lat' dir='ltr'>firmarum</span> <span class='ocrx_word' id='word_1_133' title='bbox 751 1534 830 1598; x_wconf 87' lang='lat' dir='ltr'>dicti</span> <span class='ocrx_word' id='word_1_134' title='bbox 847 1534 985 1629; x_wconf 78' lang='lat' dir='ltr'>Collegii</span> <span class='ocrx_word' id='word_1_135' title='bbox 1000 1533 1170 1596; x_wconf 87' lang='lat' dir='ltr'>necessario</span> <span class='ocrx_word' id='word_1_136' title='bbox 1182 1534 1396 1616; x_wconf 87' lang='lat' dir='ltr'>requiruntur,</span> 
     </span>
     <span class='ocr_line' id='line_1_16' title="bbox 245 1620 1397 1701; baseline 0.003 -21"><span class='ocrx_word' id='word_1_137' title='bbox 245 1620 286 1683; x_wconf 89' lang='lat' dir='ltr'>ad</span> <span class='ocrx_word' id='word_1_138' title='bbox 302 1620 437 1681; x_wconf 85' lang='lat' dir='ltr'>invicem</span> <span class='ocrx_word' id='word_1_139' title='bbox 450 1622 639 1700; x_wconf 90' lang='lat' dir='ltr'>conveniant,</span> <span class='ocrx_word' id='word_1_140' title='bbox 649 1635 679 1683; x_wconf 90' lang='lat' dir='ltr'>et</span> <span class='ocrx_word' id='word_1_141' title='bbox 689 1622 722 1683; x_wconf 91' lang='lat' dir='ltr'>in</span> <span class='ocrx_word' id='word_1_142' title='bbox 730 1621 914 1684; x_wconf 88' lang='lat' dir='ltr'>locationem</span> <span class='ocrx_word' id='word_1_143' title='bbox 924 1620 1063 1701; x_wconf 88' lang='lat' dir='ltr'>ejusdem</span> <span class='ocrx_word' id='word_1_144' title='bbox 1076 1620 1249 1681; x_wconf 79' lang='lat' dir='ltr'>faciendam</span> <span class='ocrx_word' id='word_1_145' title='bbox 1263 1641 1397 1684; x_wconf 88' lang='lat' dir='ltr'>consen-</span> 
     </span>
     <span class='ocr_line' id='line_1_17' title="bbox 246 1704 1397 1788; baseline 0.003 -22"><span class='ocrx_word' id='word_1_146' title='bbox 246 1705 333 1769; x_wconf 89' lang='lat' dir='ltr'>tiant.</span> <span class='ocrx_word' id='word_1_147' title='bbox 378 1705 488 1770; x_wconf 83' lang='lat' dir='ltr'>Stricta</span> <span class='ocrx_word' id='word_1_148' title='bbox 502 1706 710 1770; x_wconf 90' lang='lat' dir='ltr'>nihilominus</span> <span class='ocrx_word' id='word_1_149' title='bbox 723 1705 920 1788; x_wconf 80' lang='lat' dir='ltr'>injungentes</span> <span class='ocrx_word' id='word_1_150' title='bbox 935 1705 1020 1788; x_wconf 90' lang='lat' dir='ltr'>quod</span> <span class='ocrx_word' id='word_1_151' title='bbox 1035 1707 1248 1788; x_wconf 89' lang='lat' dir='ltr'>nequisquam</span> <span class='ocrx_word' id='word_1_152' title='bbox 1267 1704 1397 1786; x_wconf 81' lang='lat' dir='ltr'>Custos,</span> 
     </span>
     <span class='ocr_line' id='line_1_18' title="bbox 245 1791 1397 1876; baseline 0.003 -24"><span class='ocrx_word' id='word_1_153' title='bbox 245 1791 359 1855; x_wconf 87' lang='lat' dir='ltr'>ibidem</span> <span class='ocrx_word' id='word_1_154' title='bbox 375 1813 434 1876; x_wconf 92' lang='lat' dir='ltr'>pro</span> <span class='ocrx_word' id='word_1_155' title='bbox 448 1803 588 1875; x_wconf 89' lang='lat' dir='ltr'>tempore</span> <span class='ocrx_word' id='word_1_156' title='bbox 602 1793 743 1868; x_wconf 81' lang='lat' dir='ltr'>existenS,</span> <span class='ocrx_word' id='word_1_157' title='bbox 767 1793 907 1875; x_wconf 87' lang='lat' dir='ltr'>aliquam</span> <span class='ocrx_word' id='word_1_158' title='bbox 923 1792 1046 1853; x_wconf 85' lang='lat' dir='ltr'>firmam</span> <span class='ocrx_word' id='word_1_159' title='bbox 1069 1793 1152 1853; x_wconf 91' lang='lat' dir='ltr'>ultra</span> <span class='ocrx_word' id='word_1_160' title='bbox 1165 1814 1260 1853; x_wconf 91' lang='lat' dir='ltr'>unum</span> <span class='ocrx_word' id='word_1_161' title='bbox 1275 1811 1397 1855; x_wconf 89' lang='lat' dir='ltr'>annum</span> 
     </span>
     <span class='ocr_line' id='line_1_19' title="bbox 245 1876 1398 1963; baseline 0.003 -25"><span class='ocrx_word' id='word_1_162' title='bbox 245 1898 304 1960; x_wconf 90' lang='lat' dir='ltr'>pro</span> <span class='ocrx_word' id='word_1_163' title='bbox 318 1900 379 1938; x_wconf 90' lang='lat' dir='ltr'>una</span> <span class='ocrx_word' id='word_1_164' title='bbox 394 1878 456 1939; x_wconf 90' lang='lat' dir='ltr'>vice</span> <span class='ocrx_word' id='word_1_165' title='bbox 469 1879 572 1940; x_wconf 91' lang='lat' dir='ltr'>locare</span> <span class='ocrx_word' id='word_1_166' title='bbox 586 1891 775 1963; x_wconf 84' lang='lat' dir='ltr'>praesumat3</span> <span class='ocrx_word' id='word_1_167' title='bbox 794 1878 851 1939; x_wconf 88' lang='lat' dir='ltr'>sub</span> <span class='ocrx_word' id='word_1_168' title='bbox 868 1899 959 1960; x_wconf 90' lang='lat' dir='ltr'>poena</span> <span class='ocrx_word' id='word_1_169' title='bbox 972 1876 1156 1939; x_wconf 89' lang='lat' dir='ltr'>exclusionis</span> <span class='ocrx_word' id='word_1_170' title='bbox 1170 1888 1201 1938; x_wconf 92' lang='lat' dir='ltr'>et</span> <span class='ocrx_word' id='word_1_171' title='bbox 1212 1877 1398 1960; x_wconf 81' lang='lat' dir='ltr'>privationis</span> 
     </span>
     <span class='ocr_line' id='line_1_20' title="bbox 247 1962 1398 2049; baseline 0.002 -24"><span class='ocrx_word' id='word_1_172' title='bbox 247 1963 286 2025; x_wconf 88' lang='lat' dir='ltr'>ab</span> <span class='ocrx_word' id='word_1_173' title='bbox 309 1964 409 2026; x_wconf 91' lang='lat' dir='ltr'>officio</span> <span class='ocrx_word' id='word_1_174' title='bbox 431 1964 515 2046; x_wconf 91' lang='lat' dir='ltr'>qnod</span> <span class='ocrx_word' id='word_1_175' title='bbox 538 1962 633 2028; x_wconf 90' lang='lat' dir='ltr'>habet</span> <span class='ocrx_word' id='word_1_176' title='bbox 655 1967 687 2027; x_wconf 93' lang='lat' dir='ltr'>in</span> <span class='ocrx_word' id='word_1_177' title='bbox 704 1965 786 2028; x_wconf 88' lang='lat' dir='ltr'>dioto</span> <span class='ocrx_word' id='word_1_178' title='bbox 800 1963 946 2049; x_wconf 85' lang='lat' dir='ltr'>Collegio</span> <span class='ocrx_word' id='word_1_179' title='bbox 961 1964 992 2025; x_wconf 92' lang='lat' dir='ltr'>in</span> <span class='ocrx_word' id='word_1_180' title='bbox 1008 1973 1207 2046; x_wconf 89' lang='lat' dir='ltr'>perpetuum,</span> <span class='ocrx_word' id='word_1_181' title='bbox 1223 1962 1294 2046; x_wconf 89' lang='lat' dir='ltr'>ipso</span> <span class='ocrx_word' id='word_1_182' title='bbox 1310 1964 1398 2028; x_wconf 85' lang='lat' dir='ltr'>facto</span> 
     </span>
     <span class='ocr_line' id='line_1_21' title="bbox 244 2048 439 2110; baseline 0.005 -1"><span class='ocrx_word' id='word_1_183' title='bbox 244 2048 439 2110; x_wconf 87' lang='lat' dir='ltr'>incurrenda.</span> 
     </span>
    </p>

    <p class='ocr_par' dir='ltr' id='par_1_4' title="bbox 239 2133 1398 4537">
     <span class='ocr_line' id='line_1_22' title="bbox 288 2133 1396 2217; baseline 0.004 -23"><span class='ocrx_word' id='word_1_184' title='bbox 288 2133 341 2198; x_wconf 79' lang='lat'>26.</span> <span class='ocrx_word' id='word_1_185' title='bbox 367 2133 460 2212; x_wconf 87' lang='lat' dir='ltr'>Item,</span> <span class='ocrx_word' id='word_1_186' title='bbox 484 2145 519 2197; x_wconf 91' lang='lat' dir='ltr'>ut</span> <span class='ocrx_word' id='word_1_187' title='bbox 538 2136 700 2217; x_wconf 74' lang='lat' dir='ltr'>praemissa</span> <span class='ocrx_word' id='word_1_188' title='bbox 725 2135 840 2198; x_wconf 90' lang='lat' dir='ltr'>firmius</span> <span class='ocrx_word' id='word_1_189' title='bbox 864 2157 902 2198; x_wconf 89' lang='lat' dir='ltr'>ac</span> <span class='ocrx_word' id='word_1_190' title='bbox 922 2135 1034 2196; x_wconf 87' lang='lat' dir='ltr'>certius</span> <span class='ocrx_word' id='word_1_191' title='bbox 1056 2134 1265 2213; x_wconf 87' lang='lat' dir='ltr'>observentur,</span> <span class='ocrx_word' id='word_1_192' title='bbox 1286 2133 1396 2216; x_wconf 92' lang='lat' dir='ltr'>injun-</span> 
     </span>
     <span class='ocr_line' id='line_1_23' title="bbox 267 2219 1397 2305; baseline 0.004 -25"><span class='ocrx_word' id='word_1_193' title='bbox 267 2219 347 2284; x_wconf 92' lang='lat' dir='ltr'>imus</span> <span class='ocrx_word' id='word_1_194' title='bbox 360 2243 398 2282; x_wconf 88' lang='lat' dir='ltr'>ac</span> <span class='ocrx_word' id='word_1_195' title='bbox 412 2220 514 2284; x_wconf 86' lang='lat' dir='ltr'>stricte</span> <span class='ocrx_word' id='word_1_196' title='bbox 528 2222 741 2305; x_wconf 85' lang='lat' dir='ltr'>praecipiendo</span> <span class='ocrx_word' id='word_1_197' title='bbox 765 2223 951 2283; x_wconf 89' lang='lat' dir='ltr'>mandamus</span> <span class='ocrx_word' id='word_1_198' title='bbox 972 2222 1055 2303; x_wconf 91' lang='lat' dir='ltr'>quod</span> <span class='ocrx_word' id='word_1_199' title='bbox 1080 2220 1195 2284; x_wconf 85' lang='lat' dir='ltr'>Custos</span> <span class='ocrx_word' id='word_1_200' title='bbox 1218 2221 1293 2284; x_wconf 87' lang='lat' dir='ltr'>dicti</span> <span class='ocrx_word' id='word_1_201' title='bbox 1317 2221 1397 2284; x_wconf 88' lang='lat' dir='ltr'>Col-</span> 
     </span>
     <span class='ocr_line' id='line_1_24' title="bbox 244 2243 1398 2393; baseline 0.002 -25"><span class='ocrx_word' id='word_1_202' title='bbox 244 2243 332 2393; x_wconf 66' lang='grc' dir='ltr'>19ςί1,</span> <span class='ocrx_word' id='word_1_203' title='bbox 356 2306 440 2368; x_wconf 80' lang='lat' dir='ltr'>inira</span> <span class='ocrx_word' id='word_1_204' title='bbox 464 2308 602 2369; x_wconf 90' lang='lat' dir='ltr'>triduum</span> <span class='ocrx_word' id='word_1_205' title='bbox 627 2320 697 2392; x_wconf 89' lang='lat' dir='ltr'>post</span> <span class='ocrx_word' id='word_1_206' title='bbox 720 2308 926 2391; x_wconf 84' lang='lat' dir='ltr'>receptionem</span> <span class='ocrx_word' id='word_1_207' title='bbox 952 2306 1169 2389; x_wconf 80' lang='lat' dir='ltr'>praesentium,</span> <span class='ocrx_word' id='word_1_208' title='bbox 1196 2319 1340 2369; x_wconf 87' lang='lat' dir='ltr'>convocet</span> <span class='ocrx_word' id='word_1_209' title='bbox 1365 2322 1398 2370; x_wconf 91' lang='lat' dir='ltr'>et</span> 
     </span>
     <span class='ocr_line' id='line_1_25' title="bbox 243 2392 1396 2480; baseline 0.003 -26"><span class='ocrx_word' id='word_1_210' title='bbox 243 2392 405 2457; x_wconf 90' lang='lat' dir='ltr'>convocari</span> <span class='ocrx_word' id='word_1_211' title='bbox 422 2393 511 2456; x_wconf 82' lang='lat' dir='ltr'>faciet</span> <span class='ocrx_word' id='word_1_212' title='bbox 526 2414 632 2456; x_wconf 89' lang='lat' dir='ltr'>omnes</span> <span class='ocrx_word' id='word_1_213' title='bbox 647 2404 677 2456; x_wconf 92' lang='lat' dir='ltr'>et</span> <span class='ocrx_word' id='word_1_214' title='bbox 700 2395 837 2480; x_wconf 85' lang='lat' dir='ltr'>singulos</span> <span class='ocrx_word' id='word_1_215' title='bbox 859 2394 938 2455; x_wconf 92' lang='lat' dir='ltr'>dicti</span> <span class='ocrx_word' id='word_1_216' title='bbox 964 2392 1093 2473; x_wconf 85' lang='lat' dir='ltr'>Collegii</span> <span class='ocrx_word' id='word_1_217' title='bbox 1118 2392 1223 2456; x_wconf 83' lang='lat' dir='ltr'>Socios</span> <span class='ocrx_word' id='word_1_218' title='bbox 1244 2403 1275 2454; x_wconf 93' lang='lat' dir='ltr'>et</span> <span class='ocrx_word' id='word_1_219' title='bbox 1300 2395 1396 2457; x_wconf 90' lang='lat' dir='ltr'>scho-</span> 
     </span>
     <span class='ocr_line' id='line_1_26' title="bbox 244 2476 1397 2563; baseline 0.003 -24"><span class='ocrx_word' id='word_1_220' title='bbox 244 2476 332 2551; x_wconf 89' lang='lat' dir='ltr'>lares,</span> <span class='ocrx_word' id='word_1_221' title='bbox 348 2489 421 2542; x_wconf 92' lang='lat' dir='ltr'>tunc</span> <span class='ocrx_word' id='word_1_222' title='bbox 436 2481 469 2541; x_wconf 93' lang='lat' dir='ltr'>in</span> <span class='ocrx_word' id='word_1_223' title='bbox 482 2477 692 2543; x_wconf 87' lang='lat' dir='ltr'>Universitate</span> <span class='ocrx_word' id='word_1_224' title='bbox 708 2491 881 2563; x_wconf 67' lang='lat' dir='ltr'>praesentes,</span> <span class='ocrx_word' id='word_1_225' title='bbox 904 2480 935 2540; x_wconf 93' lang='lat' dir='ltr'>in</span> <span class='ocrx_word' id='word_1_226' title='bbox 956 2477 1059 2541; x_wconf 89' lang='lat' dir='ltr'>aulam</span> <span class='ocrx_word' id='word_1_227' title='bbox 1075 2477 1154 2540; x_wconf 89' lang='lat' dir='ltr'>dicti</span> <span class='ocrx_word' id='word_1_228' title='bbox 1170 2477 1332 2563; x_wconf 81' lang='lat' dir='ltr'>Collegii3</span> <span class='ocrx_word' id='word_1_229' title='bbox 1358 2502 1397 2543; x_wconf 86' lang='lat' dir='ltr'>ac</span> 
     </span>
     <span class='ocr_line' id='line_1_27' title="bbox 242 2564 1396 2648; baseline 0.003 -23"><span class='ocrx_word' id='word_1_230' title='bbox 242 2574 317 2626; x_wconf 88' lang='lat' dir='ltr'>tunc</span> <span class='ocrx_word' id='word_1_231' title='bbox 340 2578 370 2627; x_wconf 89' lang='lat' dir='ltr'>et</span> <span class='ocrx_word' id='word_1_232' title='bbox 392 2565 519 2642; x_wconf 90' lang='lat' dir='ltr'>ibidem,</span> <span class='ocrx_word' id='word_1_233' title='bbox 544 2566 576 2627; x_wconf 88' lang='lat' dir='ltr'>iu</span> <span class='ocrx_word' id='word_1_234' title='bbox 600 2588 705 2627; x_wconf 91' lang='lat' dir='ltr'>eorum</span> <span class='ocrx_word' id='word_1_235' title='bbox 730 2577 804 2628; x_wconf 90' lang='lat' dir='ltr'>tunc</span> <span class='ocrx_word' id='word_1_236' title='bbox 828 2565 1075 2648; x_wconf 85' lang='lat' dir='ltr'>comparentium</span> <span class='ocrx_word' id='word_1_237' title='bbox 1101 2564 1278 2646; x_wconf 68' lang='lat' dir='ltr'>praesentia,</span> <span class='ocrx_word' id='word_1_238' title='bbox 1301 2569 1396 2628; x_wconf 85' lang='lat' dir='ltr'>tactis</span> 
     </span>
     <span class='ocr_line' id='line_1_28' title="bbox 243 2648 1394 2734; baseline 0.003 -24"><span class='ocrx_word' id='word_1_239' title='bbox 243 2671 302 2732; x_wconf 88' lang='lat' dir='ltr'>per</span> <span class='ocrx_word' id='word_1_240' title='bbox 317 2672 389 2712; x_wconf 91' lang='lat' dir='ltr'>eum</span> <span class='ocrx_word' id='word_1_241' title='bbox 403 2649 610 2711; x_wconf 89' lang='lat' dir='ltr'>sacrosanctis</span> <span class='ocrx_word' id='word_1_242' title='bbox 625 2650 688 2712; x_wconf 90' lang='lat' dir='ltr'>Dei</span> <span class='ocrx_word' id='word_1_243' title='bbox 706 2651 890 2734; x_wconf 84' lang='lat' dir='ltr'>Evangeliis,</span> <span class='ocrx_word' id='word_1_244' title='bbox 908 2648 1123 2730; x_wconf 88' lang='lat' dir='ltr'>juramentum</span> <span class='ocrx_word' id='word_1_245' title='bbox 1139 2661 1265 2732; x_wconf 67' lang='lat' dir='ltr'>praestet</span> <span class='ocrx_word' id='word_1_246' title='bbox 1279 2671 1394 2734; x_wconf 89' lang='lat' dir='ltr'>corpo·</span> 
     </span>
     <span class='ocr_line' id='line_1_29' title="bbox 244 2733 1393 2819; baseline 0.003 -24"><span class='ocrx_word' id='word_1_247' title='bbox 244 2736 319 2808; x_wconf 87' lang='lat' dir='ltr'>rale,</span> <span class='ocrx_word' id='word_1_248' title='bbox 335 2735 417 2817; x_wconf 90' lang='lat' dir='ltr'>quod</span> <span class='ocrx_word' id='word_1_249' title='bbox 431 2747 577 2796; x_wconf 85' lang='lat' dir='ltr'>omneset</span> <span class='ocrx_word' id='word_1_250' title='bbox 591 2735 728 2819; x_wconf 85' lang='lat' dir='ltr'>singulas</span> <span class='ocrx_word' id='word_1_251' title='bbox 744 2733 941 2815; x_wconf 87' lang='lat' dir='ltr'>injunctiones</span> <span class='ocrx_word' id='word_1_252' title='bbox 957 2748 1074 2798; x_wconf 88' lang='lat' dir='ltr'>nostras</span> <span class='ocrx_word' id='word_1_253' title='bbox 1090 2735 1257 2818; x_wconf 85' lang='lat' dir='ltr'>praedictas</span> <span class='ocrx_word' id='word_1_254' title='bbox 1271 2736 1393 2816; x_wconf 87' lang='lat' dir='ltr'>sedulo,</span> 
     </span>
     <span class='ocr_line' id='line_1_30' title="bbox 243 2819 1393 2905; baseline 0.003 -24"><span class='ocrx_word' id='word_1_255' title='bbox 243 2819 412 2904; x_wconf 83' lang='lat' dir='ltr'>diligenter</span> <span class='ocrx_word' id='word_1_256' title='bbox 427 2831 456 2880; x_wconf 91' lang='lat' dir='ltr'>et</span> <span class='ocrx_word' id='word_1_257' title='bbox 471 2831 623 2892; x_wconf 88' lang='lat' dir='ltr'>accurate,</span> <span class='ocrx_word' id='word_1_258' title='bbox 650 2841 707 2903; x_wconf 95' lang='lat' dir='ltr'>pro</span> <span class='ocrx_word' id='word_1_259' title='bbox 722 2832 812 2904; x_wconf 89' lang='lat' dir='ltr'>parte</span> <span class='ocrx_word' id='word_1_260' title='bbox 827 2843 895 2896; x_wconf 89' lang='lat' dir='ltr'>sua,</span> <span class='ocrx_word' id='word_1_261' title='bbox 910 2832 939 2883; x_wconf 92' lang='lat' dir='ltr'>et</span> <span class='ocrx_word' id='word_1_262' title='bbox 953 2832 1104 2904; x_wconf 89' lang='lat' dir='ltr'>quatenus</span> <span class='ocrx_word' id='word_1_263' title='bbox 1119 2821 1213 2883; x_wconf 91' lang='lat' dir='ltr'>illurn</span> <span class='ocrx_word' id='word_1_264' title='bbox 1233 2820 1266 2882; x_wconf 89' lang='lat' dir='ltr'>in</span> <span class='ocrx_word' id='word_1_265' title='bbox 1281 2821 1393 2905; x_wconf 88' lang='lat' dir='ltr'>aliqua</span> 
     </span>
     <span class='ocr_line' id='line_1_31' title="bbox 243 2903 1392 2991; baseline 0.003 -25"><span class='ocrx_word' id='word_1_266' title='bbox 243 2916 333 2988; x_wconf 89' lang='lat' dir='ltr'>parte</span> <span class='ocrx_word' id='word_1_267' title='bbox 347 2903 517 2966; x_wconf 88' lang='lat' dir='ltr'>eorundem</span> <span class='ocrx_word' id='word_1_268' title='bbox 541 2918 739 2979; x_wconf 87' lang='lat' dir='ltr'>concernunt,</span> <span class='ocrx_word' id='word_1_269' title='bbox 762 2907 940 2970; x_wconf 88' lang='lat' dir='ltr'>observabit</span> <span class='ocrx_word' id='word_1_270' title='bbox 963 2919 994 2969; x_wconf 89' lang='lat' dir='ltr'>et</span> <span class='ocrx_word' id='word_1_271' title='bbox 1018 2905 1152 2968; x_wconf 80' lang='lat' dir='ltr'>fideliter</span> <span class='ocrx_word' id='word_1_272' title='bbox 1174 2906 1392 2991; x_wconf 90' lang='lat' dir='ltr'>perimplebit‚</span> 
     </span>
     <span class='ocr_line' id='line_1_32' title="bbox 243 2989 1393 3076; baseline 0.003 -24"><span class='ocrx_word' id='word_1_273' title='bbox 243 3003 273 3052; x_wconf 96' lang='lat' dir='ltr'>et</span> <span class='ocrx_word' id='word_1_274' title='bbox 289 2990 329 3051; x_wconf 84' lang='lat' dir='ltr'>ab</span> <span class='ocrx_word' id='word_1_275' title='bbox 344 2989 424 3062; x_wconf 87' lang='lat' dir='ltr'>eliis,</span> <span class='ocrx_word' id='word_1_276' title='bbox 440 3002 591 3073; x_wconf 89' lang='lat' dir='ltr'>quantum</span> <span class='ocrx_word' id='word_1_277' title='bbox 611 2991 644 3053; x_wconf 92' lang='lat' dir='ltr'>in</span> <span class='ocrx_word' id='word_1_278' title='bbox 666 3015 698 3054; x_wconf 90' lang='lat' dir='ltr'>se</span> <span class='ocrx_word' id='word_1_279' title='bbox 722 2993 793 3064; x_wconf 90' lang='lat' dir='ltr'>erit,</span> <span class='ocrx_word' id='word_1_280' title='bbox 818 2992 972 3056; x_wconf 90' lang='lat' dir='ltr'>observari</span> <span class='ocrx_word' id='word_1_281' title='bbox 994 3001 1025 3054; x_wconf 90' lang='lat' dir='ltr'>et</span> <span class='ocrx_word' id='word_1_282' title='bbox 1047 2992 1181 3055; x_wconf 88' lang='lat' dir='ltr'>fideliter</span> <span class='ocrx_word' id='word_1_283' title='bbox 1205 2991 1393 3076; x_wconf 88' lang='lat' dir='ltr'>perimpleri</span> 
     </span>
     <span class='ocr_line' id='line_1_33' title="bbox 243 3075 1394 3162; baseline 0.005 -25"><span class='ocrx_word' id='word_1_284' title='bbox 243 3075 335 3138; x_wconf 87' lang='lat' dir='ltr'>faciet</span> <span class='ocrx_word' id='word_1_285' title='bbox 365 3088 395 3139; x_wconf 91' lang='lat' dir='ltr'>et</span> <span class='ocrx_word' id='word_1_286' title='bbox 423 3077 616 3159; x_wconf 86' lang='lat' dir='ltr'>procurabit,</span> <span class='ocrx_word' id='word_1_287' title='bbox 646 3089 698 3139; x_wconf 89' lang='lat' dir='ltr'>aut</span> <span class='ocrx_word' id='word_1_288' title='bbox 723 3080 835 3140; x_wconf 88' lang='lat' dir='ltr'>saltem</span> <span class='ocrx_word' id='word_1_289' title='bbox 865 3100 972 3162; x_wconf 86' lang='lat' dir='ltr'>poenas</span> <span class='ocrx_word' id='word_1_290' title='bbox 1000 3077 1035 3138; x_wconf 92' lang='lat' dir='ltr'>in</span> <span class='ocrx_word' id='word_1_291' title='bbox 1064 3078 1183 3140; x_wconf 88' lang='lat' dir='ltr'>eisdem</span> <span class='ocrx_word' id='word_1_292' title='bbox 1213 3077 1394 3143; x_wconf 78' lang='lat' dir='ltr'>nominatas</span> 
     </span>
     <span class='ocr_line' id='line_1_34' title="bbox 242 3162 1390 3247; baseline 0.002 -23"><span class='ocrx_word' id='word_1_293' title='bbox 242 3162 354 3224; x_wconf 88' lang='lat' dir='ltr'>subibit</span> <span class='ocrx_word' id='word_1_294' title='bbox 375 3172 406 3224; x_wconf 88' lang='lat' dir='ltr'>et</span> <span class='ocrx_word' id='word_1_295' title='bbox 427 3163 581 3246; x_wconf 83' lang='lat' dir='ltr'>persolvet</span> <span class='ocrx_word' id='word_1_296' title='bbox 605 3163 781 3228; x_wconf 87' lang='lat' dir='ltr'>efficaciter.</span> <span class='ocrx_word' id='word_1_297' title='bbox 829 3165 871 3226; x_wconf 91' lang='lat' dir='ltr'>Et</span> <span class='ocrx_word' id='word_1_298' title='bbox 895 3163 979 3247; x_wconf 92' lang='lat' dir='ltr'>quod</span> <span class='ocrx_word' id='word_1_299' title='bbox 1003 3163 1111 3227; x_wconf 88' lang='lat' dir='ltr'>deinde</span> <span class='ocrx_word' id='word_1_300' title='bbox 1133 3162 1390 3244; x_wconf 86' lang='lat' dir='ltr'>Vicecustodem,</span> 
     </span>
     <span class='ocr_line' id='line_1_35' title="bbox 245 3247 1392 3335; baseline 0.003 -25"><span class='ocrx_word' id='word_1_301' title='bbox 245 3247 409 3311; x_wconf 70' lang='lat' dir='ltr'>Bur-sarius</span> <span class='ocrx_word' id='word_1_302' title='bbox 433 3260 463 3310; x_wconf 88' lang='lat' dir='ltr'>et</span> <span class='ocrx_word' id='word_1_303' title='bbox 490 3249 641 3328; x_wconf 78' lang='lat' dir='ltr'>Uscanae,</span> <span class='ocrx_word' id='word_1_304' title='bbox 671 3271 707 3311; x_wconf 90' lang='lat' dir='ltr'>ac</span> <span class='ocrx_word' id='word_1_305' title='bbox 732 3249 864 3333; x_wconf 87' lang='lat' dir='ltr'>reliquos</span> <span class='ocrx_word' id='word_1_306' title='bbox 893 3248 1031 3330; x_wconf 86' lang='lat' dir='ltr'>ejusdem</span> <span class='ocrx_word' id='word_1_307' title='bbox 1062 3248 1196 3335; x_wconf 83' lang='lat' dir='ltr'>Collegii</span> <span class='ocrx_word' id='word_1_308' title='bbox 1223 3250 1328 3315; x_wconf 86' lang='lat' dir='ltr'>Socios</span> <span class='ocrx_word' id='word_1_309' title='bbox 1359 3263 1392 3314; x_wconf 89' lang='lat' dir='ltr'>et</span> 
     </span>
     <span class='ocr_line' id='line_1_36' title="bbox 242 3332 1389 3419; baseline 0.003 -24"><span class='ocrx_word' id='word_1_310' title='bbox 242 3332 396 3397; x_wconf 90' lang='lat' dir='ltr'>scholares</span> <span class='ocrx_word' id='word_1_311' title='bbox 412 3346 486 3397; x_wconf 91' lang='lat' dir='ltr'>tunc</span> <span class='ocrx_word' id='word_1_312' title='bbox 503 3348 680 3419; x_wconf 79' lang='lat' dir='ltr'>praesentes,</span> <span class='ocrx_word' id='word_1_313' title='bbox 695 3336 854 3398; x_wconf 91' lang='lat' dir='ltr'>consimili</span> <span class='ocrx_word' id='word_1_314' title='bbox 868 3336 1007 3399; x_wconf 83' lang='lat' dir='ltr'>onerabit</span> <span class='ocrx_word' id='word_1_315' title='bbox 1018 3333 1207 3415; x_wconf 90' lang='lat' dir='ltr'>juramento,</span> <span class='ocrx_word' id='word_1_316' title='bbox 1223 3337 1306 3419; x_wconf 91' lang='lat' dir='ltr'>quod</span> <span class='ocrx_word' id='word_1_317' title='bbox 1320 3334 1389 3419; x_wconf 85' lang='lat' dir='ltr'>ipsi</span> 
     </span>
     <span class='ocr_line' id='line_1_37' title="bbox 242 3419 1391 3507; baseline 0.003 -26"><span class='ocrx_word' id='word_1_318' title='bbox 242 3433 273 3482; x_wconf 90' lang='lat' dir='ltr'>et</span> <span class='ocrx_word' id='word_1_319' title='bbox 298 3438 403 3483; x_wconf 90' lang='lat' dir='ltr'>eorum</span> <span class='ocrx_word' id='word_1_320' title='bbox 428 3421 550 3507; x_wconf 84' lang='lat' dir='ltr'>singuli</span> <span class='ocrx_word' id='word_1_321' title='bbox 573 3425 696 3486; x_wconf 89' lang='lat' dir='ltr'>easdem</span> <span class='ocrx_word' id='word_1_322' title='bbox 721 3419 933 3504; x_wconf 89' lang='lat' dir='ltr'>injunctiones,</span> <span class='ocrx_word' id='word_1_323' title='bbox 958 3443 1064 3483; x_wconf 88' lang='lat' dir='ltr'>omnes</span> <span class='ocrx_word' id='word_1_324' title='bbox 1090 3435 1123 3483; x_wconf 87' lang='lat' dir='ltr'>et</span> <span class='ocrx_word' id='word_1_325' title='bbox 1148 3421 1298 3505; x_wconf 84' lang='lat' dir='ltr'>singulas,</span> <span class='ocrx_word' id='word_1_326' title='bbox 1328 3444 1391 3506; x_wconf 93' lang='lat' dir='ltr'>pro</span> 
     </span>
     <span class='ocr_line' id='line_1_38' title="bbox 241 3506 1392 3592; baseline 0.002 -24"><span class='ocrx_word' id='word_1_327' title='bbox 241 3518 330 3588; x_wconf 90' lang='lat' dir='ltr'>parte</span> <span class='ocrx_word' id='word_1_328' title='bbox 347 3528 400 3568; x_wconf 91' lang='lat' dir='ltr'>eos</span> <span class='ocrx_word' id='word_1_329' title='bbox 415 3518 445 3569; x_wconf 86' lang='lat' dir='ltr'>et</span> <span class='ocrx_word' id='word_1_330' title='bbox 460 3530 566 3570; x_wconf 87' lang='lat' dir='ltr'>eorum</span> <span class='ocrx_word' id='word_1_331' title='bbox 591 3508 762 3592; x_wconf 87' lang='lat' dir='ltr'>quemlibet</span> <span class='ocrx_word' id='word_1_332' title='bbox 785 3509 948 3591; x_wconf 88' lang='lat' dir='ltr'>respective</span> <span class='ocrx_word' id='word_1_333' title='bbox 963 3518 1173 3586; x_wconf 87' lang='lat' dir='ltr'>concernente,</span> <span class='ocrx_word' id='word_1_334' title='bbox 1189 3519 1341 3590; x_wconf 88' lang='lat' dir='ltr'>quantum</span> <span class='ocrx_word' id='word_1_335' title='bbox 1357 3506 1392 3570; x_wconf 87' lang='lat' dir='ltr'>in</span> 
     </span>
     <span class='ocr_line' id='line_1_39' title="bbox 241 3592 1390 3676; baseline 0.003 -24"><span class='ocrx_word' id='word_1_336' title='bbox 241 3592 285 3654; x_wconf 86' lang='lat' dir='ltr'>eis</span> <span class='ocrx_word' id='word_1_337' title='bbox 310 3602 362 3654; x_wconf 88' lang='lat' dir='ltr'>aut</span> <span class='ocrx_word' id='word_1_338' title='bbox 385 3614 495 3655; x_wconf 86' lang='lat' dir='ltr'>eorum</span> <span class='ocrx_word' id='word_1_339' title='bbox 518 3594 626 3676; x_wconf 90' lang='lat' dir='ltr'>aliquo</span> <span class='ocrx_word' id='word_1_340' title='bbox 649 3593 718 3666; x_wconf 89' lang='lat' dir='ltr'>erit,</span> <span class='ocrx_word' id='word_1_341' title='bbox 742 3595 953 3664; x_wconf 87' lang='lat' dir='ltr'>observabunt,</span> <span class='ocrx_word' id='word_1_342' title='bbox 983 3606 1014 3655; x_wconf 89' lang='lat' dir='ltr'>et</span> <span class='ocrx_word' id='word_1_343' title='bbox 1040 3615 1148 3656; x_wconf 88' lang='lat' dir='ltr'>eorum</span> <span class='ocrx_word' id='word_1_344' title='bbox 1171 3593 1304 3676; x_wconf 93' lang='lat' dir='ltr'>quilibet</span> <span class='ocrx_word' id='word_1_345' title='bbox 1327 3613 1390 3676; x_wconf 91' lang='lat' dir='ltr'>pro</span> 
     </span>
     <span class='ocr_line' id='line_1_40' title="bbox 241 3677 1389 3762; baseline 0.002 -24"><span class='ocrx_word' id='word_1_346' title='bbox 241 3687 331 3759; x_wconf 91' lang='lat' dir='ltr'>parte</span> <span class='ocrx_word' id='word_1_347' title='bbox 354 3700 411 3739; x_wconf 87' lang='lat' dir='ltr'>sua</span> <span class='ocrx_word' id='word_1_348' title='bbox 434 3677 568 3740; x_wconf 88' lang='lat' dir='ltr'>fideliter</span> <span class='ocrx_word' id='word_1_349' title='bbox 589 3692 618 3741; x_wconf 87' lang='lat' dir='ltr'>et</span> <span class='ocrx_word' id='word_1_350' title='bbox 640 3689 783 3740; x_wconf 89' lang='lat' dir='ltr'>accurate</span> <span class='ocrx_word' id='word_1_351' title='bbox 806 3679 990 3751; x_wconf 80' lang='lat' dir='ltr'>observabit,</span> <span class='ocrx_word' id='word_1_352' title='bbox 1014 3692 1068 3741; x_wconf 91' lang='lat' dir='ltr'>aut</span> <span class='ocrx_word' id='word_1_353' title='bbox 1091 3679 1201 3742; x_wconf 89' lang='lat' dir='ltr'>saltem</span> <span class='ocrx_word' id='word_1_354' title='bbox 1224 3700 1331 3762; x_wconf 72' lang='lat' dir='ltr'>poenas</span> <span class='ocrx_word' id='word_1_355' title='bbox 1353 3677 1389 3740; x_wconf 90' lang='lat' dir='ltr'>in</span> 
     </span>
     <span class='ocr_line' id='line_1_41' title="bbox 241 3761 1389 3848; baseline 0.003 -26"><span class='ocrx_word' id='word_1_356' title='bbox 241 3761 358 3824; x_wconf 89' lang='lat' dir='ltr'>eisdem</span> <span class='ocrx_word' id='word_1_357' title='bbox 386 3763 584 3847; x_wconf 85' lang='lat' dir='ltr'>specificatas</span> <span class='ocrx_word' id='word_1_358' title='bbox 612 3763 733 3826; x_wconf 89' lang='lat' dir='ltr'>subibit</span> <span class='ocrx_word' id='word_1_359' title='bbox 762 3776 793 3827; x_wconf 92' lang='lat' dir='ltr'>et</span> <span class='ocrx_word' id='word_1_360' title='bbox 821 3765 987 3848; x_wconf 84' lang='lat' dir='ltr'>persolvet.</span> <span class='ocrx_word' id='word_1_361' title='bbox 1033 3763 1199 3847; x_wconf 86' lang='lat' dir='ltr'>Quodque,</span> <span class='ocrx_word' id='word_1_362' title='bbox 1226 3774 1389 3848; x_wconf 65' lang='lat' dir='ltr'>praeterea,</span> 
     </span>
     <span class='ocr_line' id='line_1_42' title="bbox 241 3846 1389 3935; baseline 0.004 -27"><span class='ocrx_word' id='word_1_363' title='bbox 241 3846 355 3909; x_wconf 85' lang='lat' dir='ltr'>Custos</span> <span class='ocrx_word' id='word_1_364' title='bbox 378 3849 460 3910; x_wconf 91' lang='lat' dir='ltr'>dicti</span> <span class='ocrx_word' id='word_1_365' title='bbox 483 3849 630 3935; x_wconf 82' lang='lat' dir='ltr'>Collegii‚</span> <span class='ocrx_word' id='word_1_366' title='bbox 654 3859 684 3910; x_wconf 91' lang='lat' dir='ltr'>et</span> <span class='ocrx_word' id='word_1_367' title='bbox 708 3872 744 3913; x_wconf 90' lang='lat' dir='ltr'>eo</span> <span class='ocrx_word' id='word_1_368' title='bbox 768 3850 894 3912; x_wconf 87' lang='lat' dir='ltr'>absente</span> <span class='ocrx_word' id='word_1_369' title='bbox 913 3850 1104 3929; x_wconf 86' lang='lat' dir='ltr'>Vicecustos,</span> <span class='ocrx_word' id='word_1_370' title='bbox 1127 3850 1298 3933; x_wconf 89' lang='lat' dir='ltr'>quemlibet</span> <span class='ocrx_word' id='word_1_371' title='bbox 1313 3857 1389 3913; x_wconf 87' lang='lat' dir='ltr'>tunc</span> 
     </span>
     <span class='ocr_line' id='line_1_43' title="bbox 241 3930 1389 4020; baseline 0.003 -26"><span class='ocrx_word' id='word_1_372' title='bbox 241 3930 415 4012; x_wconf 78' lang='lat' dir='ltr'>absentem,</span> <span class='ocrx_word' id='word_1_373' title='bbox 438 3934 472 3994; x_wconf 91' lang='lat' dir='ltr'>in</span> <span class='ocrx_word' id='word_1_374' title='bbox 494 3933 561 4017; x_wconf 90' lang='lat' dir='ltr'>ejus</span> <span class='ocrx_word' id='word_1_375' title='bbox 582 3957 723 4020; x_wconf 73' lang='lat' dir='ltr'>regressu</span> <span class='ocrx_word' id='word_1_376' title='bbox 745 3936 786 3997; x_wconf 91' lang='lat' dir='ltr'>ad</span> <span class='ocrx_word' id='word_1_377' title='bbox 808 3935 889 3998; x_wconf 90' lang='lat' dir='ltr'>illud</span> <span class='ocrx_word' id='word_1_378' title='bbox 904 3935 1092 4017; x_wconf 85' lang='lat' dir='ltr'>Collegium,</span> <span class='ocrx_word' id='word_1_379' title='bbox 1108 3959 1162 3999; x_wconf 90' lang='lat' dir='ltr'>seu</span> <span class='ocrx_word' id='word_1_380' title='bbox 1178 3935 1290 3998; x_wconf 90' lang='lat' dir='ltr'>saltem</span> <span class='ocrx_word' id='word_1_381' title='bbox 1305 3933 1389 3997; x_wconf 86' lang='lat' dir='ltr'>infra</span> 
     </span>
     <span class='ocr_line' id='line_1_44' title="bbox 241 4018 1388 4103; baseline 0.002 -23"><span class='ocrx_word' id='word_1_382' title='bbox 241 4018 383 4080; x_wconf 91' lang='lat' dir='ltr'>triduum</span> <span class='ocrx_word' id='word_1_383' title='bbox 405 4031 476 4102; x_wconf 90' lang='lat' dir='ltr'>post</span> <span class='ocrx_word' id='word_1_384' title='bbox 497 4018 564 4103; x_wconf 90' lang='lat' dir='ltr'>ejus</span> <span class='ocrx_word' id='word_1_385' title='bbox 581 4043 750 4098; x_wconf 88' lang='lat' dir='ltr'>accessum,</span> <span class='ocrx_word' id='word_1_386' title='bbox 767 4022 927 4084; x_wconf 83' lang='lat' dir='ltr'>consimili</span> <span class='ocrx_word' id='word_1_387' title='bbox 938 4019 1113 4103; x_wconf 89' lang='lat' dir='ltr'>juramento</span> <span class='ocrx_word' id='word_1_388' title='bbox 1126 4021 1280 4084; x_wconf 89' lang='lat' dir='ltr'>onerabit.</span> <span class='ocrx_word' id='word_1_389' title='bbox 1328 4018 1388 4099; x_wconf 84' lang='lat' dir='ltr'>Ac,</span> 
     </span>
     <span class='ocr_line' id='line_1_45' title="bbox 240 4103 1388 4190; baseline 0 -24"><span class='ocrx_word' id='word_1_390' title='bbox 240 4105 380 4187; x_wconf 89' lang='lat' dir='ltr'>insuper,</span> <span class='ocrx_word' id='word_1_391' title='bbox 394 4103 599 4190; x_wconf 86' lang='lat' dir='ltr'>injungimus,</span> <span class='ocrx_word' id='word_1_392' title='bbox 614 4120 646 4169; x_wconf 90' lang='lat' dir='ltr'>et</span> <span class='ocrx_word' id='word_1_393' title='bbox 660 4107 790 4170; x_wconf 92' lang='lat' dir='ltr'>firmiter</span> <span class='ocrx_word' id='word_1_394' title='bbox 800 4119 830 4170; x_wconf 91' lang='lat' dir='ltr'>et</span> <span class='ocrx_word' id='word_1_395' title='bbox 843 4109 951 4171; x_wconf 86' lang='lat' dir='ltr'>stricte</span> <span class='ocrx_word' id='word_1_396' title='bbox 966 4106 1181 4190; x_wconf 72' lang='lat' dir='ltr'>praecipiendo</span> <span class='ocrx_word' id='word_1_397' title='bbox 1192 4107 1388 4184; x_wconf 83' lang='lat' dir='ltr'>mandamus,</span> 
     </span>
     <span class='ocr_line' id='line_1_46' title="bbox 240 4189 1388 4272; baseline 0.003 -22"><span class='ocrx_word' id='word_1_398' title='bbox 240 4189 322 4272; x_wconf 87' lang='lat' dir='ltr'>quod</span> <span class='ocrx_word' id='word_1_399' title='bbox 336 4190 464 4272; x_wconf 86' lang='lat' dir='ltr'>quilibet</span> <span class='ocrx_word' id='word_1_400' title='bbox 482 4192 600 4256; x_wconf 90' lang='lat' dir='ltr'>ibidem</span> <span class='ocrx_word' id='word_1_401' title='bbox 615 4195 737 4255; x_wconf 87' lang='lat' dir='ltr'>futurus</span> <span class='ocrx_word' id='word_1_402' title='bbox 759 4192 883 4269; x_wconf 87' lang='lat' dir='ltr'>Custos,</span> <span class='ocrx_word' id='word_1_403' title='bbox 900 4193 1093 4272; x_wconf 86' lang='lat' dir='ltr'>Vicecustos,</span> <span class='ocrx_word' id='word_1_404' title='bbox 1119 4193 1293 4269; x_wconf 76' lang='lat' dir='ltr'>Bussenius,</span> <span class='ocrx_word' id='word_1_405' title='bbox 1319 4191 1388 4255; x_wconf 90' lang='lat' dir='ltr'>De·</span> 
     </span>
     <span class='ocr_line' id='line_1_47' title="bbox 239 4276 1387 4363; baseline 0.003 -25"><span class='ocrx_word' id='word_1_406' title='bbox 239 4295 341 4346; x_wconf 89' lang='lat' dir='ltr'>canus,</span> <span class='ocrx_word' id='word_1_407' title='bbox 366 4276 475 4340; x_wconf 89' lang='lat' dir='ltr'>Socius</span> <span class='ocrx_word' id='word_1_408' title='bbox 497 4279 545 4341; x_wconf 88' lang='lat' dir='ltr'>vel</span> <span class='ocrx_word' id='word_1_409' title='bbox 568 4278 729 4357; x_wconf 86' lang='lat' dir='ltr'>scholaris,</span> <span class='ocrx_word' id='word_1_410' title='bbox 752 4279 784 4343; x_wconf 92' lang='lat' dir='ltr'>in</span> <span class='ocrx_word' id='word_1_411' title='bbox 800 4303 858 4342; x_wconf 90' lang='lat' dir='ltr'>sua</span> <span class='ocrx_word' id='word_1_412' title='bbox 873 4302 977 4363; x_wconf 79' lang='lat' dir='ltr'>prima</span> <span class='ocrx_word' id='word_1_413' title='bbox 992 4278 1176 4343; x_wconf 84' lang='lat' dir='ltr'>admissione</span> <span class='ocrx_word' id='word_1_414' title='bbox 1192 4281 1232 4342; x_wconf 90' lang='lat' dir='ltr'>ad</span> <span class='ocrx_word' id='word_1_415' title='bbox 1248 4277 1387 4343; x_wconf 89' lang='lat' dir='ltr'>officium</span> 
     </span>
     <span class='ocr_line' id='line_1_48' title="bbox 240 4361 1386 4451; baseline 0.003 -28"><span class='ocrx_word' id='word_1_416' title='bbox 240 4361 305 4424; x_wconf 87' lang='lat' dir='ltr'>siva</span> <span class='ocrx_word' id='word_1_417' title='bbox 316 4361 502 4426; x_wconf 86' lang='lat' dir='ltr'>Societatem</span> <span class='ocrx_word' id='word_1_418' title='bbox 513 4364 548 4427; x_wconf 94' lang='lat' dir='ltr'>in</span> <span class='ocrx_word' id='word_1_419' title='bbox 557 4364 643 4428; x_wconf 92' lang='lat' dir='ltr'>dicto</span> <span class='ocrx_word' id='word_1_420' title='bbox 652 4365 803 4451; x_wconf 73' lang='lat' dir='ltr'>collegio,</span> <span class='ocrx_word' id='word_1_421' title='bbox 814 4364 979 4429; x_wconf 89' lang='lat' dir='ltr'>consimile</span> <span class='ocrx_word' id='word_1_422' title='bbox 992 4365 1151 4448; x_wconf 72' lang='lat' dir='ltr'>prestabit</span> <span class='ocrx_word' id='word_1_423' title='bbox 1158 4363 1386 4446; x_wconf 88' lang='lat' dir='ltr'>juramentum.</span> 
     </span>
     <span class='ocr_line' id='line_1_49' title="bbox 241 4446 1387 4537; baseline 0.003 -27"><span class='ocrx_word' id='word_1_424' title='bbox 241 4446 398 4511; x_wconf 82' lang='lat' dir='ltr'>Finaliter</span> <span class='ocrx_word' id='word_1_425' title='bbox 413 4446 621 4535; x_wconf 83' lang='lat' dir='ltr'>injungentes,</span> <span class='ocrx_word' id='word_1_426' title='bbox 636 4451 867 4537; x_wconf 70' lang='lat' dir='ltr'>precipientes,</span> <span class='ocrx_word' id='word_1_427' title='bbox 879 4461 1047 4515; x_wconf 86' lang='lat' dir='ltr'>statuentes</span> <span class='ocrx_word' id='word_1_428' title='bbox 1059 4462 1090 4512; x_wconf 88' lang='lat' dir='ltr'>et</span> <span class='ocrx_word' id='word_1_429' title='bbox 1097 4450 1286 4530; x_wconf 85' lang='lat' dir='ltr'>ordinantes,</span> <span class='ocrx_word' id='word_1_430' title='bbox 1299 4451 1387 4535; x_wconf 90' lang='lat' dir='ltr'>quod</span> 
     </span>
    </p>
   </div>
   <div class='ocr_carea' id='block_1_4' title="bbox 0 0 1512 4898">
    <p class='ocr_par' dir='ltr' id='par_1_5' title="bbox 0 0 1512 4898">
     <span class='ocr_line' id='line_1_50' title="bbox 0 0 1512 4898; baseline 0 3"><span class='ocrx_word' id='word_1_431' title='bbox 0 0 1512 4898; x_wconf 95' lang='lat' dir='ltr'> </span> 
     </span>
    </p>
   </div>
  </div>
 </body>
</html>
