3014 4898
253 232 296 295 82
604 229 662 293 All
677 228 769 296 Souis
788 232 915 316 Collepe,
934 229 1064 315 Osford.

256 405 300 466 sic
318 402 474 486 recipiens
494 401 650 463 habeatur
672 414 702 463 et
724 401 851 464 sitnon
876 399 988 463 Soeius
1010 399 1091 463 dicti
1112 399 1252 487 Collegii
1277 400 1310 463 in
1336 423 1412 484 per-

257 502 400 574 petuum,
417 510 437 549 a
451 499 590 571 tempore
606 509 669 570 quo
683 488 721 551 de
734 488 912 572 receptione
938 486 994 550 illa
1012 487 1119 571 aliquo
1142 487 1237 548 modo
1258 486 1413 572 legitimo

257 575 350 637 nobis
365 583 423 636 aut
437 574 532 636 alicui
548 595 762 636 successorum
786 586 973 647 nostrorum,
996 595 1052 636 seu
1078 570 1211 635 Custodi
1234 583 1287 634 aut
1308 571 1413 638 Vice-

257 662 380 724 custodi
395 670 425 722 et
441 659 572 723 Decano
589 658 739 722 facultatis
753 659 828 722 dicti
842 658 1031 741 recipientis,
1046 657 1232 723 constiterit.

300 747 352 811 20.
378 745 468 818 Item,
484 743 681 830 injungimus
697 757 726 807 et
741 745 872 807 firmiter
888 743 1102 828 praecipiendo
1114 745 1299 806 mandamus
1310 744 1410 827 quod,

256 832 285 894 si
301 832 472 915 quisquam
490 831 653 893 Sociorum
669 831 743 893 dicti
758 829 902 916 Collegii,
916 841 1051 893 vacante
1065 840 1119 891 aut
1135 841 1282 892 vacatura
1297 830 1409 912 aliqua

256 919 347 980 firma
361 919 401 980 ad
416 917 538 979 dictum
555 916 733 1002 Collegium
756 917 940 999 pertinente,
957 926 1013 979 aut
1037 927 1163 977 vacante
1184 915 1236 977 vel
1260 935 1410 978 vacaturo

257 1004 362 1088 aliquo
377 1003 525 1066 beneficio
541 1003 581 1064 de
593 1000 665 1083 jure
680 1015 860 1087 patronatus
875 999 1017 1082 ejusdem
1034 1000 1177 1086 Collegii,
1192 1023 1297 1065 vocem
1315 1024 1409 1064 suam

257 1102 312 1152 arnt
336 1110 503 1152 assensum
527 1089 576 1149 vel
606 1109 787 1151 consensum
814 1110 907 1150 suum
933 1088 974 1150 ad
996 1109 1089 1149 usum
1113 1087 1180 1150 sive
1204 1088 1409 1150 commodum

258 1173 396 1256 alicujus
419 1195 570 1256 personae,
596 1173 688 1236 illam
715 1175 838 1236 firmam
862 1185 917 1236 aut
942 1173 1027 1236 illud
1047 1173 1234 1236 beneficium
1258 1173 1408 1256 petentis,

256 1260 446 1343 promiserit,
462 1259 651 1342 priusquam
669 1283 724 1344 per
738 1258 921 1329 Custodem,
947 1260 1027 1322 inter
1049 1272 1176 1321 caeteros
1200 1259 1233 1320 in
1256 1281 1294 1320 ea
1318 1274 1411 1342 parte

256 1367 362 1408 vocem
376 1344 533 1422 habentes,
548 1345 588 1407 ad
604 1345 802 1431 dirigendam
817 1368 922 1409 vocem
943 1368 1033 1408 suam
1056 1354 1088 1406 et
1109 1367 1292 1407 concessum
1314 1367 1410 1406 suum

257 1431 498 1516 exprimendum
515 1431 548 1491 in
562 1452 601 1493 ea
620 1446 710 1514 parte
733 1438 922 1494 convocatus
944 1443 973 1493 et
998 1431 1164 1514 requisitus
1190 1430 1294 1502 fuerit,
1321 1432 1410 1513 quod

258 1529 333 1580 tunc
357 1516 493 1601 quilibet
518 1517 563 1578 sic
586 1516 774 1600 promittens
795 1540 852 1601 pro
867 1541 904 1580 ea
919 1517 988 1580 vice
1004 1539 1111 1579 vocem
1129 1538 1219 1578 suam
1235 1514 1360 1578 amittat
1375 1530 1409 1581 et

257 1603 371 1685 perdat
386 1604 521 1680 omnino,
538 1605 774 1686 quamprimum
789 1606 828 1666 de
843 1602 1053 1687 promissione
1065 1600 1247 1683 hujusmodi
1261 1601 1410 1678 Custodi,

257 1691 306 1752 vel
327 1688 530 1751 Vicecustodi
554 1711 611 1750 seu
635 1690 767 1753 Decano
794 1689 951 1751 facultatis
975 1688 1066 1751 illius
1083 1687 1304 1771 promittentis,
1319 1687 1412 1772 plene

257 1776 304 1841 vel
319 1775 490 1858 semiplene
507 1775 686 1837 constiterit.

301 1860 355 1925 2l.
380 1861 473 1938 Item,
489 1859 688 1944 praecipimus
703 1860 846 1933 ulterius,
861 1860 1053 1943 firmiterque
1069 1869 1098 1921 et
1110 1859 1213 1922 stricte
1221 1857 1413 1944 injungendo

259 1947 459 2023 mandamus,
476 1945 612 2009 Custodi
628 1959 660 2006 et
675 1945 835 2008 Bursariis
858 1946 940 2009 dicti
967 1944 1119 2030 collegii,
1145 1944 1352 2027 praesentibus
1377 1955 1409 2007 et

258 2031 383 2105 futuris,
398 2053 437 2092 ne
452 2031 598 2114 deinceps
612 2053 667 2114 pro
681 2031 863 2110 liberatura,
879 2031 1018 2095 vestibus
1039 2042 1093 2093 aut
1116 2034 1234 2109 vestitu,
1257 2030 1411 2115 cuiquam

260 2116 424 2180 Sociorum
440 2115 563 2199 aliquid
579 2115 611 2177 in
626 2116 760 2200 pecunia
774 2130 937 2181 numerata
953 2119 1075 2180 solvant
1097 2130 1151 2178 aut
1172 2117 1253 2180 solvi
1276 2117 1411 2200 promit-

258 2214 344 2279 tant;
369 2204 426 2265 sed
445 2202 483 2264 de
509 2223 612 2286 panno
628 2225 688 2286 pro
710 2203 825 2266 vestitu
850 2205 1021 2269 eorundem
1037 2202 1234 2287 provideant,
1249 2214 1279 2264 et
1295 2203 1412 2265 libera-

258 2300 361 2351 turam
385 2287 513 2352 cuilibet
545 2288 637 2352 Socio
661 2288 696 2351 in
722 2310 821 2367 panno
851 2303 880 2354 et
909 2311 970 2352 non
998 2291 1027 2353 in
1054 2290 1196 2374 pecunia,
1226 2288 1351 2351 tradant
1381 2301 1414 2352 et

259 2374 399 2447 liberent,
414 2397 449 2438 ac
461 2373 545 2437 tradi
559 2386 591 2436 et
604 2374 735 2438 liberari
751 2375 872 2448 facient,
885 2377 945 2440 sub
958 2399 1047 2461 poena
1062 2398 1119 2458 pro
1133 2376 1290 2438 arbitratu
1306 2386 1414 2437 nostro

259 2459 292 2523 in
317 2459 491 2525 Custodem
514 2470 544 2522 et
571 2460 735 2524 Bursarios
759 2461 792 2523 in
815 2463 873 2524 hac
902 2457 1000 2549 parte·
1015 2461 1279 2524 contravenientes
1308 2462 1415 2545 impo-

259 2546 372 2610 nenda.

303 2632 356 2693 22.
382 2631 474 2700 Item,
496 2628 688 2710 injungimus
711 2640 742 2691 et
757 2629 883 2690 firmiter
897 2629 1106 2711 praecipiendo
1122 2629 1309 2691 mandamus
1323 2634 1416 2712 quod

261 2716 369 2776 nullus
383 2713 506 2789 Soeius,
530 2711 679 2774 scholaris
694 2722 749 2773 aut
769 2713 912 2791 serviens,
935 2714 1013 2776 dicti
1030 2712 1180 2796 Collegit,
1204 2733 1314 2774 canem
1329 2716 1415 2778 intra

259 2799 378 2860 dictum
395 2796 575 2881 Collegium
594 2810 648 2858 aut
663 2807 752 2880 septa
766 2795 903 2877 ejusdem
921 2799 968 2860 vel
983 2798 1099 2861 nutriat
1121 2799 1169 2859 vel
1195 2796 1317 2877 babeat,
1341 2814 1417 2882 post

259 2884 399 2967 primurn
415 2883 498 2944 diem
515 2881 661 2944 Octobris
674 2881 823 2966 proximi,
839 2886 899 2947 sub
913 2884 1015 2967 poenis
1031 2883 1064 2946 in
1080 2884 1205 2947 statutis
1220 2884 1252 2945 in
1273 2907 1309 2945 ea
1323 2897 1415 2968 parte

260 2968 355 3030 editis
371 2968 434 3030 sibi
449 2967 636 3062 infligendis.

304 3053 356 3117 23.
380 3053 472 3123 Item,
487 3053 678 3136 injungimus
693 3053 825 3138 insuper
840 3065 870 3117 et
885 3054 990 3120 stricte
1001 3055 1239 3140 praecipiendom
1256 3057 1414 3121 andamus

257 3142 343 3222 quod
367 3159 428 3201 non
452 3139 558 3201 licebit
585 3137 718 3201 Custodi
743 3151 796 3201 aut
822 3142 892 3202 aliis
914 3142 1072 3204 officiariis
1094 3140 1236 3223 ejusdem
1258 3141 1413 3228 Collegit,

260 3236 330 3308 post
344 3225 557 3307 receptionem
572 3226 781 3309 praesentium,
798 3249 905 3288 causas
923 3229 1068 3291 absentiae
1090 3225 1222 3309 alicujus
1245 3228 1413 3290 Sociorum

259 3310 335 3374 dicti
351 3311 492 3396 Collegii
507 3310 590 3372 ultra
612 3312 692 3373 duos
714 3333 842 3385 menses,
869 3327 981 3396 praeter
1004 3323 1035 3375 et
1059 3314 1145 3376 ultra
1169 3314 1324 3400 sexaginta
1345 3314 1414 3376 dies

259 3419 279 3458 a
294 3407 407 3459 statuto
423 3396 572 3475 indultos,
593 3396 627 3458 in
651 3419 712 3459 uno
734 3419 815 3461 anno
838 3398 980 3479 limitare,
1004 3401 1173 3462 concedere
1196 3414 1251 3463 aut
1273 3399 1412 3485 elargiri,

260 3482 313 3545 rel
329 3483 511 3568 approbare,
528 3484 585 3545 sub
602 3505 695 3566 poena
711 3504 768 3566 pro
786 3494 890 3546 nostro
907 3486 1032 3548 arbitrio
1051 3486 1083 3547 in
1101 3484 1275 3550 Custodem
1291 3495 1321 3547 et
1335 3485 1413 3548 alios

257 3569 292 3635 ,in
317 3568 377 3630 hac
402 3568 493 3651 parte
518 3570 780 3633 contravenientes
801 3571 992 3656 imponenda.
1038 3570 1081 3632 Et
1111 3592 1185 3632 casu
1212 3593 1276 3655 quo
1305 3569 1414 3654 aliqua

260 3676 356 3717 causa
381 3654 529 3716 absentiae
553 3651 684 3735 alicujus
709 3655 872 3717 Sociorum
903 3657 977 3719 dicti
995 3655 1151 3742 Collegii,
1181 3658 1263 3719 ultra
1287 3668 1413 3738 tempus

260 3739 453 3822 praedictum,
472 3741 547 3802 citra
574 3739 782 3803 visitationem
809 3752 945 3805 nostram
968 3754 998 3805 et
1021 3753 1093 3805 ante
1110 3743 1315 3824 receptionem
1331 3763 1413 3826 prae·

259 3825 402 3899 sentium,
417 3825 456 3886 sit
473 3824 599 3887 forsitan
614 3845 757 3887 concessa
773 3837 804 3887 et
819 3825 961 3912 elargita,
984 3839 1057 3890 tunc
1072 3827 1160 3890 illam
1176 3850 1231 3911 per
1245 3839 1413 3911 praesentes

261 3908 302 3970 ad
324 3919 445 3991 tempus
468 3910 651 3994 praedictum
683 3911 900 3997 restringimus
926 3924 957 3975 et
980 3925 1195 3991 coarctamus3
1224 3912 1414 3976 infirmitatis

260 4014 356 4055 causa
372 4014 497 4077 semper
512 4008 647 4078 excepta.
1172 3996 1177 4006 ’

304 4079 356 4143 24.
382 4077 476 4156 ltem,
488 4077 681 4165 injungimus
697 4092 727 4142 et
739 4079 871 4144 firmiter
887 4083 1095 4167 praecipiendo
1112 4085 1299 4146 mandamus
1336 4082 1413 4162 uod,

260 4165 381 4248 quoties
396 4163 533 4246 ejusdem
559 4165 693 4251 Collegii
718 4168 832 4243 Socios,
858 4189 915 4250 pro
939 4167 1045 4251 aliqua
1070 4191 1164 4231 causa
1186 4192 1252 4232 rem
1277 4105 1414 4254 Cdllegii

259 4271 458 4312 communem
480 4264 685 4330 concernente,
708 4265 740 4314 et
755 4253 786 4314 in
800 4265 917 4316 statuto
932 4252 986 4315 illo
1001 4254 1059 4317 sub
1075 4255 1200 4317 rubrica
1215 4255 1272 4318 illa
1296 4266 1313 4294 ‘¹
1327 4256 1414 4337 quod

260 4336 292 4399 in
317 4331 489 4416 majoribus
511 4337 642 4411 causis‚''
672 4359 743 4420 quae
767 4338 798 4400 in
825 4339 950 4401 statutis
973 4339 1049 4401 dicti
1074 4339 1207 4426 Collegii
1237 4343 1415 4404 continetur

259 4442 416 4507 expressa,
424 4419 460 4485 in
478 4442 574 4484 unum
586 4424 690 4487 vocari
705 4425 891 4510 contigerit3
907 4424 932 4486 si
943 4425 1019 4487 forte
1033 4422 1135 4507 major
1148 4448 1219 4511 pars
1232 4427 1413 4492 artistarum
