3014 4898
475 179 889 306 squammeus.
1211 222 1273 288 no

123 389 223 451 centis
250 391 310 453 fere
333 388 422 453 annis
447 400 567 474 postea,
584 390 626 452 ad
646 389 780 476 gradum
798 389 1019 477 Magistralem
1034 401 1066 459 et
1080 393 1272 480 Regeutiam

123 475 154 537 in
172 475 308 541 Artibus
322 498 386 539 non
400 484 488 538 erant
508 475 639 542 astricti.
688 474 763 538 Jam
786 498 869 550 vero,
885 487 1012 561 propter
1026 477 1151 544 diversa
1165 482 1206 545 ab
1221 481 1273 545 his

124 558 353 625 Universitatis
369 572 485 624 statuta
500 565 573 645 (per
587 583 658 647 quaa
671 561 742 625 huic
757 562 862 625 studio
877 561 1086 626 incumbentes
1101 565 1132 627 in
1154 568 1272 631 artibus

121 646 258 731 incipere
279 660 310 713 et
330 669 436 731 regere
459 648 617 734 tenentur)
639 649 782 731 quaedam
796 646 922 712 videtur
936 671 1002 712 esse
1016 650 1214 750 ambiguitas,
1232 674 1272 716 an

121 734 251 815 quidem
276 733 395 797 medici
421 743 533 797 statuto
555 733 593 796 de
615 733 711 797 sacris
735 733 899 798 ordinibus
921 735 979 818 sint
999 736 1136 811 obnoxii,
1152 759 1193 799 an
1207 759 1271 802 non

120 839 180 902 pro
201 817 342 918 legitimo
367 818 592 902 impedimento
617 818 760 883 habenda
782 819 823 883 sit
846 819 914 884 haec
936 821 1093 906 professio.
1140 821 1219 901 Nos,
1240 833 1272 887 et

121 903 257 987 privans
272 902 404 989 collegii
418 916 448 968 et
459 903 596 987 publicis
609 905 791 968 Academiae
812 906 947 985 statutis,
960 917 1026 970 tam
1039 910 1072 971 in
1087 907 1271 972 Visitatione

121 1001 224 1052 nostra
246 1011 343 1089 quam
367 1011 421 1072 per
444 989 669 1074 appellationes
690 990 845 1077 quasdam
867 1013 974 1055 coram
997 994 1084 1057 nobis
1105 993 1270 1075 exhibitas,

122 1096 284 1158 perpensis
307 1086 337 1138 et
359 1075 578 1151 consideratis,
600 1079 693 1160 juxta
713 1077 932 1141 auctoritatem
948 1079 1040 1143 nobis
1055 1101 1075 1142 a
1091 1079 1271 1145 Fundatore

120 1160 334 1233 commissam,
351 1161 528 1233 statuimus,
542 1162 726 1226 ordinamus
746 1173 777 1227 et
794 1160 999 1251 injungimus,
1021 1164 1106 1250 quod
1128 1165 1215 1229 Socii
1236 1165 1272 1230 iu

121 1246 278 1310 medicina
293 1246 449 1310 bonafide
465 1250 628 1322 studentes,
644 1250 699 1333 qui
714 1249 923 1313 necessariam
939 1252 1115 1336 regentiam
1137 1261 1169 1314 et
1189 1253 1271 1315 duos

120 1354 213 1395 annos
237 1332 319 1396 ultra
339 1332 572 1416 compleverint,
595 1358 615 1397 a
637 1335 822 1398 necessitate
843 1335 1013 1399 sacerdotii
1025 1347 1057 1400 et
1070 1336 1271 1402 ecclesiastici

120 1418 290 1482 ministerii
314 1418 505 1503 suscipiendi
527 1420 624 1484 liberi
647 1420 711 1484 sint
736 1432 767 1483 et
792 1433 880 1484 erunt
906 1421 1068 1497 immunes,
1085 1424 1134 1487 vel
1158 1425 1270 1487 saltem

121 1504 282 1568 medicinae
305 1505 453 1569 studium
479 1505 517 1567 iis
541 1527 597 1589 pro
622 1505 765 1592 legitimo
787 1506 1012 1590 impedimento
1036 1510 1118 1572 intra
1141 1533 1271 1573 sensum

118 1589 267 1654 clausulae
293 1589 382 1653 illius
409 1590 442 1652 in
465 1601 583 1655 statuto
605 1592 646 1655 de
666 1603 802 1676 tempore
825 1593 1005 1657 assumendi
1028 1616 1131 1658 sacros
1144 1596 1271 1659 ordines

121 1675 368 1762 (impedimento
392 1691 532 1740 cessante
554 1677 714 1763 legitimo)
741 1674 959 1760 adjudicamus
976 1689 1007 1742 et
1019 1680 1268 1765 interpretamur.

122 1760 181 1834 lta,
196 1773 310 1841 tamen,
323 1763 408 1847 quod
423 1763 455 1825 in
471 1764 587 1848 gradus
610 1764 645 1827 in
660 1764 785 1836 eadem,
798 1764 893 1827 simili
914 1765 1010 1830 modo
1025 1776 1055 1828 et
1071 1768 1171 1828 forma
1185 1788 1222 1831 ac
1237 1768 1270 1830 in

116 1846 196 1935 ‘aliis
211 1847 422 1926 facultatibus,
432 1861 594 1933 properent
607 1861 639 1913 et
650 1850 864 1929 admittantur,
876 1852 931 1915 sub
946 1873 1038 1938 poena
1053 1849 1087 1914 in
1100 1862 1215 1916 statuto
1230 1853 1271 1916 de

114 1941 260 2018 'tempore
281 1933 457 1998 assumendi
471 1937 609 2020 gradus3
634 1937 716 2021 quod
732 1936 761 1999 si
776 1958 867 1999 secus
882 1937 1018 2017 fecerint,
1034 1958 1053 1998 a
1068 1937 1169 2001 sacris
1183 1938 1269 2002 ordi·

120 2018 213 2082 uibus
228 2040 290 2082 non
301 2018 474 2083 habeantur
488 2021 636 2085 excusati.
682 2021 717 2084 si
732 2023 899 2106 quievero,
915 2022 974 2085 hac
989 2023 1028 2085 de
1042 2044 1140 2087 causa
1152 2024 1270 2088 immu-

118 2105 246 2167 nitatem
271 2127 291 2167 a
314 2107 409 2168 sacris
430 2106 591 2171 ordinibus
614 2121 809 2187 consecutus,
835 2109 878 2171 ad
901 2108 1007 2171 studia
1020 2108 1125 2195 legum
1141 2110 1273 2173 munici-

119 2189 241 2272 palium
263 2213 296 2254 se
310 2191 552 2276 emancipaverit
569 2194 671 2278 (quod
695 2194 759 2256 fieri
773 2192 979 2278 intelligimus
993 2193 1023 2255 si
1037 2196 1139 2257 curias
1150 2195 1270 2278 juridi-

118 2275 215 2339 ciales
230 2276 260 2339 in
275 2275 362 2340 Aula
375 2277 714 2350 westmonasteriensi,
728 2288 784 2341 aut
797 2277 883 2353 alibi,
899 2279 990 2341 adeat
1011 2290 1068 2341 aut
1089 2280 1271 2364 frequentet,

118 2362 146 2424 si
169 2362 275 2427 causis
305 2363 479 2427 forensibus
508 2385 576 2425 sese
605 2363 791 2443 immisceat,
819 2363 867 2426 vel
894 2385 952 2449 pro
980 2363 1127 2426 tribunali
1155 2365 1270 2451 placita

117 2458 245 2511 acturus
270 2447 374 2532 sistet)
404 2448 522 2511 autad
545 2448 657 2512 alienas
678 2461 761 2512 artes
785 2470 817 2511 se
840 2449 1027 2523 converterit,
1051 2448 1138 2511 illum
1153 2459 1269 2515 extunc

117 2532 276 2617 privatum
291 2535 353 2596 fore
368 2534 573 2613 decernimus,
589 2535 657 2618 ipso
671 2536 764 2599 facto.
803 2534 846 2597 Et
860 2556 899 2597 ne
913 2534 1018 2618 plures
1032 2555 1130 2619 quam
1144 2558 1268 2621 aequum

118 2630 163 2682 est
187 2622 228 2684 ad
249 2620 307 2685 hoc
331 2620 470 2684 studium
495 2620 527 2681 in
542 2632 703 2704 posterum
719 2644 751 2684 se
764 2619 931 2692 conferant,
947 2642 1116 2684 numerum
1133 2623 1268 2686 medico·

118 2727 190 2768 rum
212 2706 245 2768 in
271 2707 355 2769 dicto
379 2705 521 2791 Collegio
545 2706 586 2768 ad
607 2718 740 2792 quatuor
760 2705 943 2770 limitamus.
998 2706 1050 2785 Et,
1075 2729 1133 2791 pro
1157 2707 1268 2772 tollen-

118 2791 159 2854 do
181 2793 266 2855 omni
288 2792 395 2870 dubio,
411 2791 512 2855 abusu
527 2802 558 2854 et
580 2790 643 2865 lite,
658 2793 699 2855 de
714 2792 835 2864 iisdem,
850 2792 883 2854 in
898 2793 1055 2876 praesenti,
1071 2793 1268 2877 Stephanum

120 2874 155 2940 N
157 2876 284 2962 apleton
298 2887 331 2940 et
346 2876 535 2960 Philippum
550 2875 648 2953 Code,
665 2878 819 2942 Doctores
832 2878 864 2940 in
880 2878 1050 2950 Medicina,
1064 2888 1093 2941 et
1109 2879 1269 2947 Piercium

120 2961 198 3026 Dod
226 2975 257 3027 et
285 2963 457 3026 Ricardum
487 2962 649 3048 Stephens,
670 2961 740 3046 jam
763 2962 796 3027 in
822 2962 978 3027 medicina
1004 2964 1157 3031 studiosos
1182 2977 1214 3031 et
1237 2969 1268 3032 in

118 3048 228 3113 eadem
251 3049 393 3135 progredi
417 3048 587 3132 cupientes,
613 3051 654 3113 ad
677 3050 814 3137 eandem
831 3048 1008 3133 specialiter
1026 3053 1223 3117 nominamus
1237 3066 1268 3116 et

117 3134 329 3220 assignamus.
375 3133 414 3199 lu
430 3156 494 3219 qua
507 3135 635 3219 quidem
651 3135 800 3199 facultate
814 3141 936 3219 quoties
949 3137 1035 3200 locus
1057 3157 1171 3201 vacans
1194 3160 1270 3202 con·

118 3219 225 3306 tigerit
246 3220 280 3284 in
303 3233 474 3306 posterum,
498 3221 644 3284 succedat
666 3219 849 3305 simpliciter
870 3222 982 3295 senior,
1006 3222 1062 3305 qui
1085 3243 1119 3285 re
1142 3245 1214 3287 vera
1238 3234 1270 3288 et

118 3305 201 3369 bons
227 3307 289 3370 fide
311 3329 344 3370 se
369 3309 409 3373 ad
433 3306 615 3370 medicinam
638 3306 802 3369 accinxerit
816 3318 846 3367 et
862 3307 1013 3392 accinget.
1060 3306 1147 3370 Cum
1162 3320 1269 3372 tamen

115 3391 229 3456 Petrus
250 3392 405 3456 Prideaux
420 3392 535 3455 artium
551 3391 707 3476 Magister
721 3390 871 3476 (cumque
885 3413 949 3475 quo
973 3391 1189 3475 dispensatum
1211 3395 1270 3459 fuit

117 3488 146 3540 et
161 3488 210 3542 est
223 3501 278 3564 per
298 3478 432 3564 triginta
452 3479 513 3540 fere
535 3499 642 3551 annos,
658 3498 721 3562 qua
743 3475 910 3541 medicinae
931 3477 1070 3541 studiose
1092 3479 1269 3566 accingeret

49 3641 52 3645 ,
117 3562 224 3650 vigore
238 3575 429 3627 statutorum
452 3561 684 3648 predictorum)
697 3559 766 3645 jam
781 3574 872 3625 aetate
887 3563 1065 3648 provectior
1078 3577 1110 3627 et
1125 3564 1270 3630 infirmus

116 3649 163 3721 sit,
185 3659 217 3713 ct
240 3650 330 3712 illum
357 3649 457 3736 gradu
480 3670 609 3711 onerare
631 3650 708 3711 foret
728 3647 906 3722 molestum,
920 3649 991 3712 ideo
1005 3649 1124 3714 dictum
1138 3649 1268 3717 Petrum

114 3734 272 3799 Prideaux
294 3737 403 3799 eadem
429 3735 654 3818 dispensatione
675 3734 733 3814 uti,
758 3734 828 3807 frui,
852 3735 1070 3818 permittimus,
1085 3746 1115 3798 et
1134 3737 1270 3821 impedi·

118 3831 258 3885 mentum
281 3820 339 3885 hoc
362 3822 545 3909 legitimum,
569 3820 650 3884 alias
677 3819 724 3883 illi
750 3842 940 3897 concessum,
966 3821 1052 3886 dicto
1077 3822 1170 3886 Petro
1196 3822 1268 3887 Pri·

117 3904 220 3970 deaux
252 3909 483 3980 confirmamus,
514 3906 707 3970 ratificamus
737 3916 768 3969 et
797 3907 932 3993 gratiose
961 3907 1171 3995 indulgemus.
1230 3910 1268 3974 In

115 4014 254 4076 quorum
296 3994 437 4056 omnium
474 3991 568 4055 fidem
605 4003 635 4056 et
669 3994 891 4071 testimonium,
927 3990 1008 4056 hanc
1044 3992 1268 4076 injunctionem

116 4090 255 4142 nostram
279 4080 369 4142 affixo
393 4078 502 4166 sigillo
528 4087 635 4142 nostro
665 4077 936 4162 Archiepiscopali
966 4080 1171 4144 muniendum
1199 4104 1268 4146 esse

115 4163 286 4242 duximus3
316 4164 367 4230 hic
389 4165 425 4228 in
450 4163 572 4228 aedibus
600 4163 715 4227 nostris
740 4162 976 4238 Lambethanis,
1001 4165 1192 4231 duodecimo
1214 4166 1268 4230 die

114 4250 237 4314 mensis
272 4251 396 4330 Martii,
425 4272 507 4314 anno
537 4248 668 4313 Domini
698 4246 802 4333 (juxta
829 4251 1096 4336 computationem
1125 4252 1269 4316 ecclesiae

114 4334 253 4421 Angliae)
280 4337 448 4402 millesimo
473 4335 745 4422 septingentesimo
767 4334 909 4412 decim03
931 4349 1043 4403 nostrae
1058 4336 1269 4403 translationis

115 4421 239 4486 decimo
254 4423 401 4508 septimo.
