<?xml version="1.0" encoding="UTF-8"?>
<!DOCTYPE html PUBLIC "-//W3C//DTD XHTML 1.0 Transitional//EN"
    "http://www.w3.org/TR/xhtml1/DTD/xhtml1-transitional.dtd">
<html xmlns="http://www.w3.org/1999/xhtml" xml:lang="en" lang="en">
 <head>
  <title>
</title>
<meta http-equiv="Content-Type" content="text/html;charset=utf-8" />
  <meta name='ocr-system' content='tesseract 3.04.00' />
  <meta name='ocr-capabilities' content='ocr_page ocr_carea ocr_par ocr_line ocrx_word'/>
</head>
<body>
  <div class='ocr_page' id='page_1' title='image "./statutescollege01bondgoog_0118.png"; bbox 0 0 3014 4898; ppageno 0'>
   <div class='ocr_carea' id='block_1_1' title="bbox 487 222 1267 313">
    <p class='ocr_par' dir='ltr' id='par_1_1' title="bbox 487 222 1267 313">
     <span class='ocr_line' id='line_1_1' title="bbox 487 222 1267 313; baseline 0 -21"><span class='ocrx_word' id='word_1_1' title='bbox 487 224 730 313; x_wconf 69' lang='lat' dir='ltr'><strong>Injsrtetionsof</strong></span> <span class='ocrx_word' id='word_1_2' title='bbox 747 227 883 308; x_wconf 72' lang='lat' dir='ltr'><strong>Vultors.</strong></span> <span class='ocrx_word' id='word_1_3' title='bbox 1206 222 1267 301; x_wconf 73' lang='lat' dir='ltr'><strong>llll</strong></span> 
     </span>
    </p>
   </div>
   <div class='ocr_carea' id='block_1_2' title="bbox 115 395 1266 1784">
    <p class='ocr_par' dir='ltr' id='par_1_2' title="bbox 115 395 1266 1667">
     <span class='ocr_line' id='line_1_2' title="bbox 117 395 1265 570; baseline -0.002 -20"><span class='ocrx_word' id='word_1_4' title='bbox 117 400 395 552; x_wconf 49' lang='lat' dir='ltr'><strong>&amp;iiiiii-¹1⁰?</strong></span> <span class='ocrx_word' id='word_1_5' title='bbox 393 400 484 548; x_wconf 61' lang='lat' dir='ltr'><strong>tlt</strong></span> <span class='ocrx_word' id='word_1_6' title='bbox 494 398 556 570; x_wconf 59' lang='lat' dir='ltr'><strong>li}</strong></span> <span class='ocrx_word' id='word_1_7' title='bbox 570 396 852 564; x_wconf 60' lang='lat' dir='ltr'><strong>zrlttltltt</strong></span> <span class='ocrx_word' id='word_1_8' title='bbox 862 397 1102 548; x_wconf 56' lang='lat' dir='ltr'><strong>{itm}</strong></span> <span class='ocrx_word' id='word_1_9' title='bbox 1106 395 1265 548; x_wconf 58' lang='lat' dir='ltr'><strong>iiiiii</strong></span> 
     </span>
     <span class='ocr_line' id='line_1_3' title="bbox 115 569 1265 654; baseline 0 -20"><span class='ocrx_word' id='word_1_10' title='bbox 115 594 151 635; x_wconf 82' lang='lat' dir='ltr'><strong>as</strong></span> <span class='ocrx_word' id='word_1_11' title='bbox 181 572 343 637; x_wconf 77' lang='lat' dir='ltr'><strong>aforesaid.</strong></span> <span class='ocrx_word' id='word_1_12' title='bbox 387 569 479 635; x_wconf 81' lang='lat' dir='ltr'><strong>Tbat</strong></span> <span class='ocrx_word' id='word_1_13' title='bbox 504 570 559 633; x_wconf 89' lang='lat' dir='ltr'><strong>the</strong></span> <span class='ocrx_word' id='word_1_14' title='bbox 588 569 732 650; x_wconf 79' lang='lat' dir='ltr'><strong>Fellows,</strong></span> <span class='ocrx_word' id='word_1_15' title='bbox 757 569 867 634; x_wconf 81' lang='lat' dir='ltr'><strong>within</strong></span> <span class='ocrx_word' id='word_1_16' title='bbox 892 591 982 633; x_wconf 85' lang='lat' dir='ltr'><strong>seven</strong></span> <span class='ocrx_word' id='word_1_17' title='bbox 1006 571 1083 654; x_wconf 82' lang='lat' dir='ltr'><strong>days</strong></span> <span class='ocrx_word' id='word_1_18' title='bbox 1109 572 1190 633; x_wconf 84' lang='lat' dir='ltr'><strong>aller</strong></span> <span class='ocrx_word' id='word_1_19' title='bbox 1213 571 1265 634; x_wconf 83' lang='lat' dir='ltr'><strong>tho</strong></span> 
     </span>
     <span class='ocr_line' id='line_1_4' title="bbox 116 654 1266 743; baseline -0.002 -22"><span class='ocrx_word' id='word_1_20' title='bbox 116 659 235 743; x_wconf 89' lang='lat' dir='ltr'><strong>receipt</strong></span> <span class='ocrx_word' id='word_1_21' title='bbox 250 661 286 722; x_wconf 86' lang='lat' dir='ltr'><strong>of</strong></span> <span class='ocrx_word' id='word_1_22' title='bbox 296 658 383 721; x_wconf 88' lang='lat' dir='ltr'><strong>these</strong></span> <span class='ocrx_word' id='word_1_23' title='bbox 397 669 519 742; x_wconf 76' lang='lat' dir='ltr'><strong>present</strong></span> <span class='ocrx_word' id='word_1_24' title='bbox 542 654 748 738; x_wconf 81' lang='lat' dir='ltr'>injunctions,</span> <span class='ocrx_word' id='word_1_25' title='bbox 771 655 807 718; x_wconf 91' lang='lat' dir='ltr'><strong>in</strong></span> <span class='ocrx_word' id='word_1_26' title='bbox 829 657 881 719; x_wconf 86' lang='lat' dir='ltr'><strong>the</strong></span> <span class='ocrx_word' id='word_1_27' title='bbox 903 676 1049 719; x_wconf 87' lang='lat' dir='ltr'><strong>common</strong></span> <span class='ocrx_word' id='word_1_28' title='bbox 1074 655 1140 718; x_wconf 86' lang='lat' dir='ltr'><strong>hall</strong></span> <span class='ocrx_word' id='word_1_29' title='bbox 1162 659 1197 718; x_wconf 90' lang='lat' dir='ltr'><strong>ot&#39;</strong></span> <span class='ocrx_word' id='word_1_30' title='bbox 1213 656 1266 719; x_wconf 86' lang='lat' dir='ltr'><strong>the</strong></span> 
     </span>
     <span class='ocr_line' id='line_1_5' title="bbox 116 741 1264 844; baseline -0.002 -37"><span class='ocrx_word' id='word_1_31' title='bbox 116 745 260 831; x_wconf 80' lang='lat' dir='ltr'><strong>College,</strong></span> <span class='ocrx_word' id='word_1_32' title='bbox 284 750 317 807; x_wconf 87' lang='lat' dir='ltr'><strong>nt</strong></span> <span class='ocrx_word' id='word_1_33' title='bbox 332 767 351 805; x_wconf 86' lang='lat' dir='ltr'><strong>a</strong></span> <span class='ocrx_word' id='word_1_34' title='bbox 364 743 443 806; x_wconf 87' lang='lat' dir='ltr'><strong>time</strong></span> <span class='ocrx_word' id='word_1_35' title='bbox 458 742 632 844; x_wconf 70' lang='lat' dir='ltr'>appointed</span> <span class='ocrx_word' id='word_1_36' title='bbox 656 742 698 829; x_wconf 86' lang='lat' dir='ltr'><strong>by</strong></span> <span class='ocrx_word' id='word_1_37' title='bbox 713 741 767 804; x_wconf 89' lang='lat' dir='ltr'><strong>the</strong></span> <span class='ocrx_word' id='word_1_38' title='bbox 790 741 941 822; x_wconf 85' lang='lat' dir='ltr'><strong>Warden,</strong></span> <span class='ocrx_word' id='word_1_39' title='bbox 964 741 1045 804; x_wconf 83' lang='lat' dir='ltr'><strong>shall</strong></span> <span class='ocrx_word' id='word_1_40' title='bbox 1070 741 1176 805; x_wconf 78' lang='lat' dir='ltr'><strong>belone</strong></span> <span class='ocrx_word' id='word_1_41' title='bbox 1198 741 1264 805; x_wconf 85' lang='lat' dir='ltr'><strong>him</strong></span> 
     </span>
     <span class='ocr_line' id='line_1_6' title="bbox 115 826 1265 916; baseline -0.003 -24"><span class='ocrx_word' id='word_1_42' title='bbox 115 831 262 916; x_wconf 91' lang='lat' dir='ltr'><strong>publicly</strong></span> <span class='ocrx_word' id='word_1_43' title='bbox 276 828 355 893; x_wconf 87' lang='lat' dir='ltr'><strong>each</strong></span> <span class='ocrx_word' id='word_1_44' title='bbox 370 829 444 892; x_wconf 86' lang='lat' dir='ltr'><strong>take</strong></span> <span class='ocrx_word' id='word_1_45' title='bbox 456 829 507 895; x_wconf 88' lang='lat' dir='ltr'><strong>lus</strong></span> <span class='ocrx_word' id='word_1_46' title='bbox 522 826 664 912; x_wconf 83' lang='lat' dir='ltr'><strong>corporal</strong></span> <span class='ocrx_word' id='word_1_47' title='bbox 676 826 762 908; x_wconf 87' lang='lat' dir='ltr'><strong>cath,</strong></span> <span class='ocrx_word' id='word_1_48' title='bbox 778 828 850 892; x_wconf 82' lang='lat' dir='ltr'><strong>that·</strong></span> <span class='ocrx_word' id='word_1_49' title='bbox 870 829 913 891; x_wconf 85' lang='lat' dir='ltr'><strong>be</strong></span> <span class='ocrx_word' id='word_1_50' title='bbox 934 826 1016 891; x_wconf 83' lang='lat' dir='ltr'><strong>shall</strong></span> <span class='ocrx_word' id='word_1_51' title='bbox 1039 839 1092 891; x_wconf 91' lang='lat' dir='ltr'><strong>not</strong></span> <span class='ocrx_word' id='word_1_52' title='bbox 1113 827 1265 890; x_wconf 81' lang='lat' dir='ltr'><strong>hereafter</strong></span> 
     </span>
     <span class='ocr_line' id='line_1_7' title="bbox 117 913 1265 1016; baseline -0.001 -38"><span class='ocrx_word' id='word_1_53' title='bbox 117 915 190 1016; x_wconf 71' lang='lat' dir='ltr'><strong>give</strong></span> <span class='ocrx_word' id='word_1_54' title='bbox 205 916 257 980; x_wconf 86' lang='lat' dir='ltr'><strong>his</strong></span> <span class='ocrx_word' id='word_1_55' title='bbox 272 915 422 1001; x_wconf 78' lang='lat' dir='ltr'><strong>suffrage,</strong></span> <span class='ocrx_word' id='word_1_56' title='bbox 434 915 521 978; x_wconf 84' lang='lat' dir='ltr'><strong>voice</strong></span> <span class='ocrx_word' id='word_1_57' title='bbox 536 934 572 978; x_wconf 88' lang='lat' dir='ltr'><strong>or</strong></span> <span class='ocrx_word' id='word_1_58' title='bbox 586 924 724 995; x_wconf 83' lang='lat' dir='ltr'><strong>consent,</strong></span> <span class='ocrx_word' id='word_1_59' title='bbox 736 924 768 977; x_wconf 94' lang='lat' dir='ltr'><strong>to</strong></span> <span class='ocrx_word' id='word_1_60' title='bbox 782 913 836 978; x_wconf 84' lang='lat' dir='ltr'><strong>the</strong></span> <span class='ocrx_word' id='word_1_61' title='bbox 849 913 980 978; x_wconf 88' lang='lat' dir='ltr'><strong>election</strong></span> <span class='ocrx_word' id='word_1_62' title='bbox 994 914 1030 976; x_wconf 84' lang='lat' dir='ltr'><strong>of</strong></span> <span class='ocrx_word' id='word_1_63' title='bbox 1040 934 1101 1000; x_wconf 87' lang='lat' dir='ltr'><strong>any</strong></span> <span class='ocrx_word' id='word_1_64' title='bbox 1112 914 1191 977; x_wconf 87' lang='lat' dir='ltr'><strong>such</strong></span> <span class='ocrx_word' id='word_1_65' title='bbox 1206 933 1265 977; x_wconf 85' lang='lat' dir='ltr'><strong>one</strong></span> 
     </span>
     <span class='ocr_line' id='line_1_8' title="bbox 116 998 1265 1086; baseline -0.002 -22"><span class='ocrx_word' id='word_1_66' title='bbox 116 1015 184 1067; x_wconf 74' lang='lat' dir='ltr'><strong>ento</strong></span> <span class='ocrx_word' id='word_1_67' title='bbox 199 1024 218 1065; x_wconf 87' lang='lat' dir='ltr'><strong>e</strong></span> <span class='ocrx_word' id='word_1_68' title='bbox 233 1001 392 1066; x_wconf 86' lang='lat' dir='ltr'><strong>Scholar&#39;s</strong></span> <span class='ocrx_word' id='word_1_69' title='bbox 407 1023 441 1065; x_wconf 87' lang='lat' dir='ltr'><strong>or</strong></span> <span class='ocrx_word' id='word_1_70' title='bbox 458 1001 602 1065; x_wconf 82' lang='lat' dir='ltr'><strong>Fellow’s</strong></span> <span class='ocrx_word' id='word_1_71' title='bbox 616 1001 717 1085; x_wconf 85' lang='lat' dir='ltr'><strong>place,</strong></span> <span class='ocrx_word' id='word_1_72' title='bbox 731 1022 816 1085; x_wconf 89' lang='lat' dir='ltr'><strong>upon</strong></span> <span class='ocrx_word' id='word_1_73' title='bbox 832 1022 890 1086; x_wconf 85' lang='lat' dir='ltr'><strong>any</strong></span> <span class='ocrx_word' id='word_1_74' title='bbox 906 999 1096 1082; x_wconf 74' lang='lat' dir='ltr'><strong>resignation</strong></span> <span class='ocrx_word' id='word_1_75' title='bbox 1110 1022 1145 1065; x_wconf 92' lang='lat' dir='ltr'><strong>or</strong></span> <span class='ocrx_word' id='word_1_76' title='bbox 1157 998 1265 1070; x_wconf 82' lang='lat' dir='ltr'><strong>volun-</strong></span> 
     </span>
     <span class='ocr_line' id='line_1_9' title="bbox 116 1084 1265 1174; baseline -0.002 -24"><span class='ocrx_word' id='word_1_77' title='bbox 116 1099 184 1174; x_wconf 85' lang='lat' dir='ltr'><strong>tary</strong></span> <span class='ocrx_word' id='word_1_78' title='bbox 200 1087 422 1169; x_wconf 83' lang='lat' dir='ltr'><strong>renunciation,</strong></span> <span class='ocrx_word' id='word_1_79' title='bbox 437 1089 485 1152; x_wconf 84' lang='lat' dir='ltr'><strong>for</strong></span> <span class='ocrx_word' id='word_1_80' title='bbox 499 1087 599 1152; x_wconf 87' lang='lat' dir='ltr'><strong>which</strong></span> <span class='ocrx_word' id='word_1_81' title='bbox 613 1105 728 1172; x_wconf 85' lang='lat' dir='ltr'><strong>person</strong></span> <span class='ocrx_word' id='word_1_82' title='bbox 740 1087 781 1149; x_wconf 89' lang='lat' dir='ltr'><strong>he</strong></span> <span class='ocrx_word' id='word_1_83' title='bbox 795 1084 873 1148; x_wconf 87' lang='lat' dir='ltr'><strong>shall</strong></span> <span class='ocrx_word' id='word_1_84' title='bbox 887 1086 978 1150; x_wconf 76' lang='lat' dir='ltr'><strong>know</strong></span> <span class='ocrx_word' id='word_1_85' title='bbox 989 1106 1025 1149; x_wconf 82' lang='lat' dir='ltr'><strong>or</strong></span> <span class='ocrx_word' id='word_1_86' title='bbox 1037 1087 1079 1149; x_wconf 89' lang='lat' dir='ltr'><strong>be·</strong></span> <span class='ocrx_word' id='word_1_87' title='bbox 1091 1085 1265 1170; x_wconf 71' lang='lat' dir='ltr'>persuaded</span> 
     </span>
     <span class='ocr_line' id='line_1_10' title="bbox 115 1172 1264 1259; baseline 0 -24"><span class='ocrx_word' id='word_1_88' title='bbox 115 1173 146 1236; x_wconf 93' lang='lat' dir='ltr'><strong>in</strong></span> <span class='ocrx_word' id='word_1_89' title='bbox 170 1175 222 1239; x_wconf 83' lang='lat' dir='ltr'><strong>his</strong></span> <span class='ocrx_word' id='word_1_90' title='bbox 243 1176 423 1238; x_wconf 80' lang='lat' dir='ltr'><strong>conscience</strong></span> <span class='ocrx_word' id='word_1_91' title='bbox 442 1173 512 1238; x_wconf 85' lang='lat' dir='ltr'><strong>&#39;that</strong></span> <span class='ocrx_word' id='word_1_92' title='bbox 532 1172 622 1237; x_wconf 81' lang='lat' dir='ltr'><strong>there</strong></span> <span class='ocrx_word' id='word_1_93' title='bbox 643 1173 718 1238; x_wconf 82' lang='lat' dir='ltr'><strong>bath</strong></span> <span class='ocrx_word' id='word_1_94' title='bbox 738 1174 821 1237; x_wconf 89' lang='lat' dir='ltr'><strong>been</strong></span> <span class='ocrx_word' id='word_1_95' title='bbox 841 1173 1011 1238; x_wconf 79' lang='lat' dir='ltr'><strong>heretolore</strong></span> <span class='ocrx_word' id='word_1_96' title='bbox 1024 1183 1087 1259; x_wconf 85' lang='lat' dir='ltr'><strong>any</strong></span> <span class='ocrx_word' id='word_1_97' title='bbox 1101 1192 1214 1256; x_wconf 88' lang='lat' dir='ltr'><strong>money</strong></span> <span class='ocrx_word' id='word_1_98' title='bbox 1227 1190 1264 1235; x_wconf 90' lang='lat' dir='ltr'><strong>or</strong></span> 
     </span>
     <span class='ocr_line' id='line_1_11' title="bbox 116 1255 1266 1410; baseline -0.001 -87"><span class='ocrx_word' id='word_1_99' title='bbox 116 1263 335 1408; x_wconf 46' lang='lat' dir='ltr'><strong>Koneitwong·</strong></span> <span class='ocrx_word' id='word_1_100' title='bbox 353 1259 455 1408; x_wconf 69' lang='lat' dir='ltr'><strong>giyyn,</strong></span> <span class='ocrx_word' id='word_1_101' title='bbox 477 1259 706 1409; x_wconf 47' lang='lat' dir='ltr'><strong>or·131r·⁰mlled’</strong></span> <span class='ocrx_word' id='word_1_102' title='bbox 728 1258 964 1410; x_wconf 51' lang='lat' dir='ltr'><strong>typnyloupacted</strong></span> <span class='ocrx_word' id='word_1_103' title='bbox 986 1259 1032 1323; x_wconf 81' lang='lat' dir='ltr'><strong>for</strong></span> <span class='ocrx_word' id='word_1_104' title='bbox 1058 1271 1096 1407; x_wconf 69' lang='lat' dir='ltr'><strong>li]</strong></span> <span class='ocrx_word' id='word_1_105' title='bbox 1114 1255 1156 1407; x_wconf 55' lang='lat' dir='ltr'><strong>by</strong></span> <span class='ocrx_word' id='word_1_106' title='bbox 1174 1258 1266 1408; x_wconf 58' lang='grc' dir='ltr'><strong>ᾗίνὶιέ</strong></span> 
     </span>
     <span class='ocr_line' id='line_1_12' title="bbox 116 1356 1266 1518; baseline -0.002 -24"><span class='ocrx_word' id='word_1_107' title='bbox 116 1365 391 1518; x_wconf 50' lang='lat' dir='ltr'><strong>yoyyyyyyyfflrpyc</strong></span> <span class='ocrx_word' id='word_1_108' title='bbox 403 1364 812 1501; x_wconf 58' lang='lat' dir='ltr'><strong>theollelloiiswt‘nycrastino</strong></span> <span class='ocrx_word' id='word_1_109' title='bbox 830 1356 1085 1511; x_wconf 38' lang='lat' dir='ltr'><strong>ineligibilem</strong></span> <span class='ocrx_word' id='word_1_110' title='bbox 1107 1366 1266 1494; x_wconf 61' lang='lat' dir='ltr'><strong>theacome</strong></span> 
     </span>
     <span class='ocr_line' id='line_1_13' title="bbox 116 1515 1265 1665; baseline -0.002 -85"><span class='ocrx_word' id='word_1_111' title='bbox 116 1540 192 1665; x_wconf 67' lang='lat' dir='ltr'><strong>nyon</strong></span> <span class='ocrx_word' id='word_1_112' title='bbox 202 1518 278 1618; x_wconf 35' lang='lat' dir='ltr'><strong>&#39;hall</strong></span> <span class='ocrx_word' id='word_1_113' title='bbox 301 1519 335 1580; x_wconf 83' lang='lat' dir='ltr'><strong>of</strong></span> <span class='ocrx_word' id='word_1_114' title='bbox 352 1519 402 1581; x_wconf 89' lang='lat' dir='ltr'><strong>the</strong></span> <span class='ocrx_word' id='word_1_115' title='bbox 417 1515 557 1603; x_wconf 82' lang='lat' dir='ltr'><strong>College,</strong></span> <span class='ocrx_word' id='word_1_116' title='bbox 574 1515 794 1601; x_wconf 77' lang='lat' dir='ltr'><strong>immediately</strong></span> <span class='ocrx_word' id='word_1_117' title='bbox 808 1517 913 1580; x_wconf 83' lang='lat' dir='ltr'><strong>before</strong></span> <span class='ocrx_word' id='word_1_118' title='bbox 928 1516 1000 1602; x_wconf 85' lang='lat' dir='ltr'><strong>they</strong></span> <span class='ocrx_word' id='word_1_119' title='bbox 1014 1517 1147 1600; x_wconf 84' lang='lat' dir='ltr'><strong>procced</strong></span> <span class='ocrx_word' id='word_1_120' title='bbox 1162 1526 1195 1580; x_wconf 94' lang='lat' dir='ltr'><strong>to</strong></span> <span class='ocrx_word' id='word_1_121' title='bbox 1210 1515 1265 1581; x_wconf 85' lang='lat' dir='ltr'><strong>the</strong></span> 
     </span>
     <span class='ocr_line' id='line_1_14' title="bbox 117 1600 286 1667; baseline 0 -2"><span class='ocrx_word' id='word_1_122' title='bbox 117 1600 286 1667; x_wconf 86' lang='lat' dir='ltr'><strong>eect1on.”</strong></span> 
     </span>
    </p>

    <p class='ocr_par' dir='ltr' id='par_1_3' title="bbox 160 1680 1266 1784">
     <span class='ocr_line' id='line_1_15' title="bbox 160 1680 1266 1784; baseline -0.003 -32"><span class='ocrx_word' id='word_1_123' title='bbox 160 1680 262 1753; x_wconf 86' lang='lat' dir='ltr'><strong>Vobis</strong></span> <span class='ocrx_word' id='word_1_124' title='bbox 276 1699 306 1752; x_wconf 88' lang='lat' dir='ltr'><strong>et</strong></span> <span class='ocrx_word' id='word_1_125' title='bbox 321 1682 457 1784; x_wconf 80' lang='lat' dir='ltr'><strong>singulis</strong></span> <span class='ocrx_word' id='word_1_126' title='bbox 472 1699 603 1753; x_wconf 84' lang='lat' dir='ltr'><strong>vestrum</strong></span> <span class='ocrx_word' id='word_1_127' title='bbox 621 1680 818 1773; x_wconf 81' lang='lat' dir='ltr'><strong>iujungimus</strong></span> <span class='ocrx_word' id='word_1_128' title='bbox 839 1697 870 1750; x_wconf 89' lang='lat' dir='ltr'><strong>et</strong></span> <span class='ocrx_word' id='word_1_129' title='bbox 891 1688 1090 1768; x_wconf 90' lang='lat' dir='ltr'><strong>mandemus,</strong></span> <span class='ocrx_word' id='word_1_130' title='bbox 1113 1697 1266 1771; x_wconf 86' lang='lat' dir='ltr'><strong>quatenns</strong></span> 
     </span>
    </p>
   </div>
   <div class='ocr_carea' id='block_1_3' title="bbox 115 1770 1364 1859">
    <p class='ocr_par' dir='ltr' id='par_1_4' title="bbox 115 1770 1364 1859">
     <span class='ocr_line' id='line_1_16' title="bbox 115 1770 1364 1859; baseline -0.002 -21"><span class='ocrx_word' id='word_1_131' title='bbox 115 1775 280 1859; x_wconf 78' lang='lat' dir='ltr'><strong>praedictas</strong></span> <span class='ocrx_word' id='word_1_132' title='bbox 302 1773 523 1858; x_wconf 71' lang='lat' dir='ltr'><strong>injunctiones,</strong></span> <span class='ocrx_word' id='word_1_133' title='bbox 545 1797 652 1838; x_wconf 88' lang='lat' dir='ltr'><strong>omnes</strong></span> <span class='ocrx_word' id='word_1_134' title='bbox 673 1785 704 1836; x_wconf 92' lang='lat' dir='ltr'><strong>et</strong></span> <span class='ocrx_word' id='word_1_135' title='bbox 718 1772 874 1859; x_wconf 85' lang='lat' dir='ltr'><strong>singulas,</strong></span> <span class='ocrx_word' id='word_1_136' title='bbox 893 1770 986 1854; x_wconf 86' lang='lat' dir='ltr'><strong>juxta</strong></span> <span class='ocrx_word' id='word_1_137' title='bbox 1000 1795 1109 1837; x_wconf 88' lang='lat' dir='ltr'><strong>verum</strong></span> <span class='ocrx_word' id='word_1_138' title='bbox 1127 1785 1266 1836; x_wconf 84' lang='lat' dir='ltr'><strong>tenorem</strong></span> <span class='ocrx_word' id='word_1_139' title='bbox 1362 1842 1364 1848; x_wconf 28' lang='lat'><strong>¹</strong></span> 
     </span>
    </p>
   </div>
   <div class='ocr_carea' id='block_1_4' title="bbox 114 1858 1269 2353">
    <p class='ocr_par' dir='ltr' id='par_1_5' title="bbox 114 1858 1269 2353">
     <span class='ocr_line' id='line_1_17' title="bbox 114 1858 1266 1942; baseline -0.003 -18"><span class='ocrx_word' id='word_1_140' title='bbox 114 1871 145 1924; x_wconf 89' lang='lat' dir='ltr'><strong>et</strong></span> <span class='ocrx_word' id='word_1_141' title='bbox 176 1861 323 1924; x_wconf 86' lang='lat' dir='ltr'><strong>effectum</strong></span> <span class='ocrx_word' id='word_1_142' title='bbox 359 1861 539 1941; x_wconf 88' lang='lat' dir='ltr'><strong>earundem,</strong></span> <span class='ocrx_word' id='word_1_143' title='bbox 576 1858 798 1924; x_wconf 83' lang='lat' dir='ltr'><strong>inviolabiliter</strong></span> <span class='ocrx_word' id='word_1_144' title='bbox 833 1858 1010 1924; x_wconf 85' lang='lat' dir='ltr'><strong>observetis.</strong></span> <span class='ocrx_word' id='word_1_145' title='bbox 1055 1858 1092 1923; x_wconf 93' lang='lat' dir='ltr'><strong>In</strong></span> <span class='ocrx_word' id='word_1_146' title='bbox 1131 1881 1266 1942; x_wconf 90' lang='lat' dir='ltr'><strong>quorum</strong></span> 
     </span>
     <span class='ocr_line' id='line_1_18' title="bbox 115 1944 1265 2035; baseline -0.001 -25"><span class='ocrx_word' id='word_1_147' title='bbox 115 1948 257 2012; x_wconf 77' lang='lat' dir='ltr'><strong>omnium</strong></span> <span class='ocrx_word' id='word_1_148' title='bbox 272 1958 303 2009; x_wconf 84' lang='lat' dir='ltr'><strong>et</strong></span> <span class='ocrx_word' id='word_1_149' title='bbox 319 1948 516 2035; x_wconf 81' lang='lat' dir='ltr'><strong>singulorum</strong></span> <span class='ocrx_word' id='word_1_150' title='bbox 532 1946 766 2031; x_wconf 68' lang='lat' dir='ltr'><strong>premissorum</strong></span> <span class='ocrx_word' id='word_1_151' title='bbox 783 1945 877 2009; x_wconf 87' lang='lat' dir='ltr'><strong>fidem</strong></span> <span class='ocrx_word' id='word_1_152' title='bbox 891 1954 922 2006; x_wconf 86' lang='lat' dir='ltr'><strong>et</strong></span> <span class='ocrx_word' id='word_1_153' title='bbox 936 1944 1167 2025; x_wconf 88' lang='lat' dir='ltr'><strong>testimonium,</strong></span> <span class='ocrx_word' id='word_1_154' title='bbox 1183 1966 1265 2029; x_wconf 79' lang='lat' dir='ltr'><strong>pree·</strong></span> 
     </span>
     <span class='ocr_line' id='line_1_19' title="bbox 115 2030 1266 2119; baseline -0.002 -24"><span class='ocrx_word' id='word_1_155' title='bbox 115 2046 214 2096; x_wconf 85' lang='lat' dir='ltr'><strong>sentes</strong></span> <span class='ocrx_word' id='word_1_156' title='bbox 229 2033 337 2096; x_wconf 84' lang='lat' dir='ltr'><strong>literas</strong></span> <span class='ocrx_word' id='word_1_157' title='bbox 352 2043 472 2096; x_wconf 87' lang='lat' dir='ltr'><strong>nostras</strong></span> <span class='ocrx_word' id='word_1_158' title='bbox 494 2032 595 2119; x_wconf 85' lang='lat' dir='ltr'><strong>sigilli</strong></span> <span class='ocrx_word' id='word_1_159' title='bbox 619 2032 716 2097; x_wconf 89' lang='lat' dir='ltr'><strong>nostri</strong></span> <span class='ocrx_word' id='word_1_160' title='bbox 745 2030 1041 2116; x_wconf 89' lang='lat' dir='ltr'><strong>Archiepiscopalis</strong></span> <span class='ocrx_word' id='word_1_161' title='bbox 1070 2031 1266 2115; x_wconf 81' lang='lat' dir='ltr'><strong>appensione</strong></span> 
     </span>
     <span class='ocr_line' id='line_1_20' title="bbox 116 2117 1263 2194; baseline -0.002 -13"><span class='ocrx_word' id='word_1_162' title='bbox 116 2118 309 2182; x_wconf 85' lang='lat' dir='ltr'><strong>communiri</strong></span> <span class='ocrx_word' id='word_1_163' title='bbox 331 2120 519 2182; x_wconf 81' lang='lat' dir='ltr'><strong>curavimus.</strong></span> <span class='ocrx_word' id='word_1_164' title='bbox 565 2117 689 2182; x_wconf 87' lang='lat' dir='ltr'><strong>Datum</strong></span> <span class='ocrx_word' id='word_1_165' title='bbox 711 2117 745 2180; x_wconf 92' lang='lat' dir='ltr'><strong>in</strong></span> <span class='ocrx_word' id='word_1_166' title='bbox 768 2118 907 2180; x_wconf 87' lang='lat' dir='ltr'><strong>manerio</strong></span> <span class='ocrx_word' id='word_1_167' title='bbox 925 2129 1028 2182; x_wconf 90' lang='lat' dir='ltr'><strong>nostro</strong></span> <span class='ocrx_word' id='word_1_168' title='bbox 1044 2118 1083 2180; x_wconf 92' lang='lat' dir='ltr'><strong>de</strong></span> <span class='ocrx_word' id='word_1_169' title='bbox 1098 2117 1263 2194; x_wconf 86' lang='lat' dir='ltr'><strong>Lambeth,</strong></span> 
     </span>
     <span class='ocr_line' id='line_1_21' title="bbox 116 2202 1269 2282; baseline -0.001 -15"><span class='ocrx_word' id='word_1_170' title='bbox 116 2206 230 2268; x_wconf 87' lang='lat' dir='ltr'><strong>ultimo</strong></span> <span class='ocrx_word' id='word_1_171' title='bbox 244 2205 295 2267; x_wconf 90' lang='lat' dir='ltr'><strong>die</strong></span> <span class='ocrx_word' id='word_1_172' title='bbox 310 2203 425 2266; x_wconf 89' lang='lat' dir='ltr'><strong>mensis</strong></span> <span class='ocrx_word' id='word_1_173' title='bbox 437 2203 593 2282; x_wconf 84' lang='lat' dir='ltr'><strong>Octobris,</strong></span> <span class='ocrx_word' id='word_1_174' title='bbox 616 2225 695 2267; x_wconf 90' lang='lat' dir='ltr'><strong>anno</strong></span> <span class='ocrx_word' id='word_1_175' title='bbox 714 2202 847 2268; x_wconf 91' lang='lat' dir='ltr'><strong>Domini</strong></span> <span class='ocrx_word' id='word_1_176' title='bbox 867 2203 949 2267; x_wconf 79' lang='lat'>1626</span> <span class='ocrx_word' id='word_1_177' title='bbox 958 2226 968 2279; x_wconf 86' lang='lat'><em>3</em></span> <span class='ocrx_word' id='word_1_178' title='bbox 990 2215 1020 2266; x_wconf 91' lang='lat' dir='ltr'><strong>et</strong></span> <span class='ocrx_word' id='word_1_179' title='bbox 1035 2216 1148 2267; x_wconf 84' lang='lat' dir='ltr'><strong>nostrae</strong></span> <span class='ocrx_word' id='word_1_180' title='bbox 1163 2211 1269 2266; x_wconf 81' lang='lat' dir='ltr'><strong>trans·</strong></span> 
     </span>
     <span class='ocr_line' id='line_1_22' title="bbox 115 2287 609 2353; baseline -0.002 -1"><span class='ocrx_word' id='word_1_181' title='bbox 115 2289 242 2353; x_wconf 83' lang='lat' dir='ltr'><strong>lationis</strong></span> <span class='ocrx_word' id='word_1_182' title='bbox 258 2305 334 2352; x_wconf 87' lang='lat' dir='ltr'><strong>anuo</strong></span> <span class='ocrx_word' id='word_1_183' title='bbox 348 2300 438 2352; x_wconf 83' lang='lat' dir='ltr'><strong>sexto</strong></span> <span class='ocrx_word' id='word_1_184' title='bbox 449 2287 609 2353; x_wconf 83' lang='lat' dir='ltr'><strong>decimo.”</strong></span> 
     </span>
    </p>
   </div>
   <div class='ocr_carea' id='block_1_5' title="bbox 113 2455 1266 4520">
    <p class='ocr_par' dir='ltr' id='par_1_6' title="bbox 113 2455 1266 4520">
     <span class='ocr_line' id='line_1_23' title="bbox 158 2455 1265 2544; baseline -0.002 -20"><span class='ocrx_word' id='word_1_185' title='bbox 158 2461 247 2535; x_wconf 78' lang='lat' dir='ltr'><strong>Ques</strong></span> <span class='ocrx_word' id='word_1_186' title='bbox 268 2459 400 2544; x_wconf 85' lang='lat' dir='ltr'><strong>quidem</strong></span> <span class='ocrx_word' id='word_1_187' title='bbox 422 2457 639 2541; x_wconf 79' lang='lat' dir='ltr'><strong>injunctiones,</strong></span> <span class='ocrx_word' id='word_1_188' title='bbox 659 2471 726 2522; x_wconf 87' lang='lat' dir='ltr'><strong>tarn</strong></span> <span class='ocrx_word' id='word_1_189' title='bbox 740 2458 796 2544; x_wconf 91' lang='lat' dir='ltr'><strong>pie</strong></span> <span class='ocrx_word' id='word_1_190' title='bbox 810 2456 953 2544; x_wconf 82' lang='lat' dir='ltr'><strong>provisas</strong></span> <span class='ocrx_word' id='word_1_191' title='bbox 966 2468 1032 2521; x_wconf 88' lang='lat' dir='ltr'><strong>tem</strong></span> <span class='ocrx_word' id='word_1_192' title='bbox 1046 2455 1179 2522; x_wconf 84' lang='lat' dir='ltr'><strong>firmiter</strong></span> <span class='ocrx_word' id='word_1_193' title='bbox 1194 2473 1265 2522; x_wconf 80' lang='lat' dir='ltr'><strong>nru-</strong></span> 
     </span>
     <span class='ocr_line' id='line_1_24' title="bbox 116 2541 1265 2630; baseline 0 -21"><span class='ocrx_word' id='word_1_194' title='bbox 116 2546 210 2627; x_wconf 81' lang='lat' dir='ltr'><strong>nitas,</strong></span> <span class='ocrx_word' id='word_1_195' title='bbox 235 2558 302 2609; x_wconf 86' lang='lat' dir='ltr'><strong>tam</strong></span> <span class='ocrx_word' id='word_1_196' title='bbox 327 2544 490 2609; x_wconf 79' lang='lat' dir='ltr'><strong>salubriter</strong></span> <span class='ocrx_word' id='word_1_197' title='bbox 512 2545 623 2626; x_wconf 76' lang='lat' dir='ltr'><strong>editae,</strong></span> <span class='ocrx_word' id='word_1_198' title='bbox 646 2559 719 2608; x_wconf 85' lang='lat' dir='ltr'><strong>cum</strong></span> <span class='ocrx_word' id='word_1_199' title='bbox 742 2545 851 2630; x_wconf 84' lang='lat' dir='ltr'><strong>palam</strong></span> <span class='ocrx_word' id='word_1_200' title='bbox 876 2541 1034 2608; x_wconf 77' lang='lat' dir='ltr'><strong>citrosa</strong></span> <span class='ocrx_word' id='word_1_201' title='bbox 1048 2542 1160 2607; x_wconf 87' lang='lat' dir='ltr'><strong>multis</strong></span> <span class='ocrx_word' id='word_1_202' title='bbox 1183 2549 1265 2609; x_wconf 83' lang='lat' dir='ltr'><strong>retro</strong></span> 
     </span>
     <span class='ocr_line' id='line_1_25' title="bbox 116 2630 1265 2718; baseline 0 -22"><span class='ocrx_word' id='word_1_203' title='bbox 116 2633 200 2696; x_wconf 77' lang='lat' dir='ltr'><strong>serris</strong></span> <span class='ocrx_word' id='word_1_204' title='bbox 214 2632 262 2695; x_wconf 80' lang='lat' dir='ltr'><strong>vel</strong></span> <span class='ocrx_word' id='word_1_205' title='bbox 276 2631 389 2716; x_wconf 82' lang='lat' dir='ltr'><strong>supine</strong></span> <span class='ocrx_word' id='word_1_206' title='bbox 403 2630 575 2718; x_wconf 78' lang='lat' dir='ltr'><strong>neglexisse</strong></span> <span class='ocrx_word' id='word_1_207' title='bbox 590 2632 637 2696; x_wconf 78' lang='lat' dir='ltr'><strong>ter</strong></span> <span class='ocrx_word' id='word_1_208' title='bbox 650 2642 756 2716; x_wconf 80' lang='lat' dir='ltr'><strong>aperte</strong></span> <span class='ocrx_word' id='word_1_209' title='bbox 771 2634 801 2694; x_wconf 88' lang='lat' dir='ltr'><strong>et</strong></span> <span class='ocrx_word' id='word_1_210' title='bbox 815 2631 980 2714; x_wconf 70' lang='lat' dir='ltr'><strong>protracte</strong></span> <span class='ocrx_word' id='word_1_211' title='bbox 993 2630 1265 2715; x_wconf 56' lang='lat' dir='ltr'><strong>dulcessimus</strong></span> 
     </span>
     <span class='ocr_line' id='line_1_26' title="bbox 115 2714 1264 2802; baseline 0.001 -21"><span class='ocrx_word' id='word_1_212' title='bbox 115 2717 246 2782; x_wconf 86' lang='lat' dir='ltr'><strong>mutatis</strong></span> <span class='ocrx_word' id='word_1_213' title='bbox 261 2716 456 2802; x_wconf 69' lang='lat' dir='ltr'><strong>proscriptis</strong></span> <span class='ocrx_word' id='word_1_214' title='bbox 471 2716 539 2780; x_wconf 87' lang='lat' dir='ltr'><strong>illis</strong></span> <span class='ocrx_word' id='word_1_215' title='bbox 553 2720 583 2780; x_wconf 86' lang='lat' dir='ltr'><strong>et</strong></span> <span class='ocrx_word' id='word_1_216' title='bbox 598 2715 818 2782; x_wconf 85' lang='lat' dir='ltr'><strong>strictionibtts</strong></span> <span class='ocrx_word' id='word_1_217' title='bbox 830 2714 959 2799; x_wconf 86' lang='lat' dir='ltr'><strong>jurandi</strong></span> <span class='ocrx_word' id='word_1_218' title='bbox 973 2715 1118 2781; x_wconf 76' lang='lat' dir='ltr'><strong>formulis</strong></span> <span class='ocrx_word' id='word_1_219' title='bbox 1133 2715 1167 2779; x_wconf 93' lang='lat' dir='ltr'><strong>in</strong></span> <span class='ocrx_word' id='word_1_220' title='bbox 1182 2716 1264 2782; x_wconf 74' lang='lat' dir='ltr'><strong>alias·</strong></span> 
     </span>
     <span class='ocr_line' id='line_1_27' title="bbox 115 2800 1264 2888; baseline -0.002 -20"><span class='ocrx_word' id='word_1_221' title='bbox 115 2805 216 2868; x_wconf 88' lang='lat' dir='ltr'><strong>multo</strong></span> <span class='ocrx_word' id='word_1_222' title='bbox 231 2804 365 2869; x_wconf 81' lang='lat' dir='ltr'><strong>laxiores</strong></span> <span class='ocrx_word' id='word_1_223' title='bbox 378 2815 408 2866; x_wconf 91' lang='lat' dir='ltr'><strong>et</strong></span> <span class='ocrx_word' id='word_1_224' title='bbox 425 2800 552 2886; x_wconf 89' lang='lat' dir='ltr'><strong>jamdiu</strong></span> <span class='ocrx_word' id='word_1_225' title='bbox 566 2801 783 2888; x_wconf 79' lang='lat' dir='ltr'><strong>antiquitates,</strong></span> <span class='ocrx_word' id='word_1_226' title='bbox 802 2813 895 2888; x_wconf 86' lang='lat' dir='ltr'><strong>atque</strong></span> <span class='ocrx_word' id='word_1_227' title='bbox 910 2801 1095 2868; x_wconf 77' lang='lat' dir='ltr'><strong>introductis</strong></span> <span class='ocrx_word' id='word_1_228' title='bbox 1110 2803 1142 2866; x_wconf 93' lang='lat' dir='ltr'><strong>in</strong></span> <span class='ocrx_word' id='word_1_229' title='bbox 1158 2802 1264 2887; x_wconf 81' lang='lat' dir='ltr'><strong>Colle·</strong></span> 
     </span>
     <span class='ocr_line' id='line_1_28' title="bbox 114 2889 1265 3041; baseline 0.002 -87"><span class='ocrx_word' id='word_1_230' title='bbox 114 2894 201 3041; x_wconf 68' lang='lat' dir='ltr'><strong>yium</strong></span> <span class='ocrx_word' id='word_1_231' title='bbox 217 2904 352 2955; x_wconf 82' lang='lat' dir='ltr'><strong>vestrum</strong></span> <span class='ocrx_word' id='word_1_232' title='bbox 368 2889 428 2955; x_wconf 91' lang='lat' dir='ltr'><strong>hoc</strong></span> <span class='ocrx_word' id='word_1_233' title='bbox 441 2890 545 2970; x_wconf 92' lang='lat' dir='ltr'><strong>modo,</strong></span> <span class='ocrx_word' id='word_1_234' title='bbox 561 2900 710 2976; x_wconf 83' lang='lat' dir='ltr'><strong>tanquam</strong></span> <span class='ocrx_word' id='word_1_235' title='bbox 723 2903 782 2990; x_wconf 85' lang='lat' dir='ltr'><strong>per</strong></span> <span class='ocrx_word' id='word_1_236' title='bbox 801 2902 945 2974; x_wconf 86' lang='lat' dir='ltr'><strong>apertum</strong></span> <span class='ocrx_word' id='word_1_237' title='bbox 968 2890 1097 2970; x_wconf 89' lang='lat' dir='ltr'><strong>ostium,</strong></span> <span class='ocrx_word' id='word_1_238' title='bbox 1124 2889 1265 2956; x_wconf 76' lang='lat' dir='ltr'><strong>sordidis</strong></span> 
     </span>
     <span class='ocr_line' id='line_1_29' title="bbox 130 2971 1263 3061; baseline 0.001 -22"><span class='ocrx_word' id='word_1_239' title='bbox 130 2977 296 3061; x_wconf 88' lang='lat' dir='ltr'><strong>llicitisque</strong></span> <span class='ocrx_word' id='word_1_240' title='bbox 313 2975 509 3041; x_wconf 80' lang='lat' dir='ltr'><strong>commerciis</strong></span> <span class='ocrx_word' id='word_1_241' title='bbox 522 2986 552 3039; x_wconf 90' lang='lat' dir='ltr'><strong>et</strong></span> <span class='ocrx_word' id='word_1_242' title='bbox 567 2975 760 3059; x_wconf 81' lang='lat' dir='ltr'><strong>simoniacts,</strong></span> <span class='ocrx_word' id='word_1_243' title='bbox 775 2989 831 3038; x_wconf 87' lang='lat' dir='ltr'><strong>seu</strong></span> <span class='ocrx_word' id='word_1_244' title='bbox 846 2973 951 3059; x_wconf 78' lang='lat' dir='ltr'><strong>pactis</strong></span> <span class='ocrx_word' id='word_1_245' title='bbox 968 2971 1191 3060; x_wconf 66' lang='lat' dir='ltr'><strong>etpromis&#39;sis,</strong></span> <span class='ocrx_word' id='word_1_246' title='bbox 1207 2995 1263 3041; x_wconf 83' lang='lat' dir='ltr'><strong>seu</strong></span> 
     </span>
     <span class='ocr_line' id='line_1_30' title="bbox 118 3054 1264 3149; baseline 0.001 -23"><span class='ocrx_word' id='word_1_247' title='bbox 118 3054 216 3147; x_wconf 81' lang='lat' dir='ltr'><strong>(quod</strong></span> <span class='ocrx_word' id='word_1_248' title='bbox 228 3063 359 3148; x_wconf 81' lang='lat' dir='ltr'><strong>perinde</strong></span> <span class='ocrx_word' id='word_1_249' title='bbox 369 3067 431 3149; x_wconf 91' lang='lat' dir='ltr'><strong>est)</strong></span> <span class='ocrx_word' id='word_1_250' title='bbox 449 3060 592 3147; x_wconf 81' lang='lat' dir='ltr'><strong>praemiis</strong></span> <span class='ocrx_word' id='word_1_251' title='bbox 606 3073 638 3126; x_wconf 93' lang='lat' dir='ltr'><strong>et</strong></span> <span class='ocrx_word' id='word_1_252' title='bbox 652 3061 877 3126; x_wconf 82' lang='lat' dir='ltr'><strong>solutionibus:</strong></span> <span class='ocrx_word' id='word_1_253' title='bbox 894 3075 950 3125; x_wconf 88' lang='lat' dir='ltr'><strong>nos</strong></span> <span class='ocrx_word' id='word_1_254' title='bbox 960 3061 975 3144; x_wconf 88' lang='lat' dir='ltr'><strong>i</strong></span> <span class='ocrx_word' id='word_1_255' title='bbox 999 3061 1074 3142; x_wconf 91' lang='lat' dir='ltr'><strong>itur,</strong></span> <span class='ocrx_word' id='word_1_256' title='bbox 1089 3073 1123 3124; x_wconf 90' lang='lat' dir='ltr'><strong>nt</strong></span> <span class='ocrx_word' id='word_1_257' title='bbox 1139 3062 1264 3147; x_wconf 87' lang='lat' dir='ltr'><strong>utrique</strong></span> 
     </span>
     <span class='ocr_line' id='line_1_31' title="bbox 113 3083 1262 3234; baseline -0.001 -22"><span class='ocrx_word' id='word_1_258' title='bbox 113 3150 189 3212; x_wconf 85' lang='lat' dir='ltr'><strong>hnic</strong></span> <span class='ocrx_word' id='word_1_259' title='bbox 201 3148 298 3228; x_wconf 86' lang='lat' dir='ltr'><strong>malo,</strong></span> <span class='ocrx_word' id='word_1_260' title='bbox 312 3160 378 3211; x_wconf 91' lang='lat' dir='ltr'><strong>tam</strong></span> <span class='ocrx_word' id='word_1_261' title='bbox 392 3164 449 3232; x_wconf 86' lang='lat' dir='ltr'><strong>per</strong></span> <span class='ocrx_word' id='word_1_262' title='bbox 464 3143 606 3234; x_wconf 71' lang='lat' dir='ltr'><strong>collegii</strong></span> <span class='ocrx_word' id='word_1_263' title='bbox 628 3148 718 3211; x_wconf 84' lang='lat' dir='ltr'><strong>vestri</strong></span> <span class='ocrx_word' id='word_1_264' title='bbox 739 3161 832 3232; x_wconf 86' lang='lat' dir='ltr'><strong>quarn</strong></span> <span class='ocrx_word' id='word_1_265' title='bbox 855 3145 966 3233; x_wconf 89' lang='lat' dir='ltr'><strong>inclyti</strong></span> <span class='ocrx_word' id='word_1_266' title='bbox 977 3083 1081 3229; x_wconf 68' lang='lat' dir='ltr'><strong>liujus</strong></span> <span class='ocrx_word' id='word_1_267' title='bbox 1096 3147 1186 3232; x_wconf 75' lang='lat' dir='ltr'><strong>regni</strong></span> <span class='ocrx_word' id='word_1_268' title='bbox 1200 3160 1262 3212; x_wconf 82' lang='lat' dir='ltr'><strong>sta·</strong></span> 
     </span>
     <span class='ocr_line' id='line_1_32' title="bbox 115 3231 1263 3318; baseline 0 -21"><span class='ocrx_word' id='word_1_269' title='bbox 115 3244 181 3300; x_wconf 78' lang='lat' dir='ltr'><strong>tute</strong></span> <span class='ocrx_word' id='word_1_270' title='bbox 192 3231 360 3318; x_wconf 84' lang='lat' dir='ltr'><strong>prohibito,</strong></span> <span class='ocrx_word' id='word_1_271' title='bbox 371 3232 488 3317; x_wconf 88' lang='lat' dir='ltr'><strong>pariter</strong></span> <span class='ocrx_word' id='word_1_272' title='bbox 497 3250 664 3306; x_wconf 76' lang='lat' dir='ltr'><strong>caveamus</strong></span> <span class='ocrx_word' id='word_1_273' title='bbox 673 3232 706 3295; x_wconf 89' lang='lat' dir='ltr'><strong>in</strong></span> <span class='ocrx_word' id='word_1_274' title='bbox 718 3233 870 3311; x_wconf 83' lang='lat' dir='ltr'><strong>futurum,</strong></span> <span class='ocrx_word' id='word_1_275' title='bbox 881 3246 939 3316; x_wconf 82' lang='lat' dir='ltr'><strong>pro</strong></span> <span class='ocrx_word' id='word_1_276' title='bbox 953 3231 1122 3296; x_wconf 75' lang='lat' dir='ltr'><strong>commissa</strong></span> <span class='ocrx_word' id='word_1_277' title='bbox 1137 3232 1227 3297; x_wconf 86' lang='lat' dir='ltr'><strong>nobis</strong></span> <span class='ocrx_word' id='word_1_278' title='bbox 1242 3246 1263 3296; x_wconf 72' lang='lat' dir='ltr'><strong>a</strong></span> 
     </span>
     <span class='ocr_line' id='line_1_33' title="bbox 116 3316 1264 3397; baseline -0.002 -12"><span class='ocrx_word' id='word_1_279' title='bbox 116 3321 296 3385; x_wconf 84' lang='lat' dir='ltr'><strong>Fundetore</strong></span> <span class='ocrx_word' id='word_1_280' title='bbox 322 3331 433 3397; x_wconf 85' lang='lat' dir='ltr'><strong>vestro,</strong></span> <span class='ocrx_word' id='word_1_281' title='bbox 458 3316 556 3383; x_wconf 78' lang='lat' dir='ltr'><strong>felicis</strong></span> <span class='ocrx_word' id='word_1_282' title='bbox 582 3316 751 3396; x_wconf 70' lang='lat' dir='ltr'><strong>memoriae,</strong></span> <span class='ocrx_word' id='word_1_283' title='bbox 777 3318 972 3396; x_wconf 80' lang='lat' dir='ltr'><strong>auctoritate,</strong></span> <span class='ocrx_word' id='word_1_284' title='bbox 1001 3317 1145 3381; x_wconf 89' lang='lat' dir='ltr'><strong>districte</strong></span> <span class='ocrx_word' id='word_1_285' title='bbox 1173 3317 1264 3383; x_wconf 83' lang='lat' dir='ltr'><strong>vobis</strong></span> 
     </span>
     <span class='ocr_line' id='line_1_34' title="bbox 114 3396 1262 3491; baseline 0.003 -25"><span class='ocrx_word' id='word_1_286' title='bbox 114 3403 308 3490; x_wconf 81' lang='lat' dir='ltr'><strong>injungimus</strong></span> <span class='ocrx_word' id='word_1_287' title='bbox 327 3415 357 3491; x_wconf 71' lang='lat' dir='ltr'><strong>²‚t</strong></span> <span class='ocrx_word' id='word_1_288' title='bbox 380 3404 575 3483; x_wconf 87' lang='lat' dir='ltr'><strong>mandemus,</strong></span> <span class='ocrx_word' id='word_1_289' title='bbox 594 3410 628 3465; x_wconf 93' lang='lat' dir='ltr'><strong>ut</strong></span> <span class='ocrx_word' id='word_1_290' title='bbox 651 3401 879 3486; x_wconf 80' lang='lat' dir='ltr'><strong>unnsquisque,</strong></span> <span class='ocrx_word' id='word_1_291' title='bbox 903 3400 1009 3464; x_wconf 90' lang='lat' dir='ltr'><strong>locum</strong></span> <span class='ocrx_word' id='word_1_292' title='bbox 1027 3402 1169 3464; x_wconf 88' lang='lat' dir='ltr'><strong>suumin</strong></span> <span class='ocrx_word' id='word_1_293' title='bbox 1186 3396 1262 3468; x_wconf 80' lang='lat' dir='ltr'><strong>Col·</strong></span> 
     </span>
     <span class='ocr_line' id='line_1_35' title="bbox 114 3486 1261 3574; baseline -0.002 -21"><span class='ocrx_word' id='word_1_294' title='bbox 114 3489 203 3570; x_wconf 82' lang='lat' dir='ltr'><strong>legio</strong></span> <span class='ocrx_word' id='word_1_295' title='bbox 216 3503 315 3553; x_wconf 83' lang='lat' dir='ltr'><strong>vestro</strong></span> <span class='ocrx_word' id='word_1_296' title='bbox 329 3487 487 3574; x_wconf 85' lang='lat' dir='ltr'><strong>perviam</strong></span> <span class='ocrx_word' id='word_1_297' title='bbox 505 3487 726 3574; x_wconf 85' lang='lat' dir='ltr'><strong>resignationis</strong></span> <span class='ocrx_word' id='word_1_298' title='bbox 749 3487 925 3566; x_wconf 85' lang='lat' dir='ltr'><strong>relicturus,</strong></span> <span class='ocrx_word' id='word_1_299' title='bbox 950 3486 1139 3572; x_wconf 86' lang='lat' dir='ltr'><strong>prinsquam</strong></span> <span class='ocrx_word' id='word_1_300' title='bbox 1162 3486 1261 3572; x_wconf 62' lang='lat' dir='ltr'><strong>resiga</strong></span> 
     </span>
     <span class='ocr_line' id='line_1_36' title="bbox 116 3570 1262 3660; baseline 0 -22"><span class='ocrx_word' id='word_1_301' title='bbox 116 3575 202 3640; x_wconf 80' lang='lat' dir='ltr'><strong>natio</strong></span> <span class='ocrx_word' id='word_1_302' title='bbox 226 3575 367 3660; x_wconf 85' lang='lat' dir='ltr'><strong>ejusdem</strong></span> <span class='ocrx_word' id='word_1_303' title='bbox 391 3596 411 3636; x_wconf 89' lang='lat' dir='ltr'><strong>a</strong></span> <span class='ocrx_word' id='word_1_304' title='bbox 434 3574 521 3637; x_wconf 87' lang='lat' dir='ltr'><strong>vobis</strong></span> <span class='ocrx_word' id='word_1_305' title='bbox 545 3571 729 3636; x_wconf 88' lang='lat' dir='ltr'><strong>admittatur</strong></span> <span class='ocrx_word' id='word_1_306' title='bbox 749 3586 804 3636; x_wconf 89' lang='lat' dir='ltr'><strong>ant</strong></span> <span class='ocrx_word' id='word_1_307' title='bbox 826 3584 1014 3657; x_wconf 82' lang='lat' dir='ltr'><strong>acceptetur,</strong></span> <span class='ocrx_word' id='word_1_308' title='bbox 1039 3570 1209 3637; x_wconf 84' lang='lat' dir='ltr'><strong>solenniter</strong></span> <span class='ocrx_word' id='word_1_309' title='bbox 1231 3585 1262 3638; x_wconf 85' lang='lat' dir='ltr'><strong>et</strong></span> 
     </span>
     <span class='ocr_line' id='line_1_37' title="bbox 115 3655 1263 3746; baseline 0.001 -22"><span class='ocrx_word' id='word_1_310' title='bbox 115 3661 209 3724; x_wconf 91' lang='lat' dir='ltr'><strong>modo</strong></span> <span class='ocrx_word' id='word_1_311' title='bbox 224 3681 321 3744; x_wconf 89' lang='lat' dir='ltr'><strong>supra</strong></span> <span class='ocrx_word' id='word_1_312' title='bbox 335 3659 522 3744; x_wconf 77' lang='lat' dir='ltr'><strong>praecripto</strong></span> <span class='ocrx_word' id='word_1_313' title='bbox 531 3661 620 3746; x_wconf 88' lang='lat' dir='ltr'><strong>juret</strong></span> <span class='ocrx_word' id='word_1_314' title='bbox 634 3657 669 3720; x_wconf 91' lang='lat' dir='ltr'><strong>in</strong></span> <span class='ocrx_word' id='word_1_315' title='bbox 683 3661 778 3724; x_wconf 86' lang='lat' dir='ltr'><strong>verba</strong></span> <span class='ocrx_word' id='word_1_316' title='bbox 799 3657 915 3743; x_wconf 90' lang='lat' dir='ltr'><strong>prioris</strong></span> <span class='ocrx_word' id='word_1_317' title='bbox 925 3655 1100 3740; x_wconf 87' lang='lat' dir='ltr'><strong>juramenti</strong></span> <span class='ocrx_word' id='word_1_318' title='bbox 1114 3656 1263 3744; x_wconf 77' lang='lat' dir='ltr'><strong>superius</strong></span> 
     </span>
     <span class='ocr_line' id='line_1_38' title="bbox 115 3744 1262 3829; baseline 0 -19"><span class='ocrx_word' id='word_1_319' title='bbox 115 3747 236 3810; x_wconf 85' lang='lat' dir='ltr'><strong>recitati</strong></span> <span class='ocrx_word' id='word_1_320' title='bbox 251 3758 282 3810; x_wconf 88' lang='lat' dir='ltr'><strong>et</strong></span> <span class='ocrx_word' id='word_1_321' title='bbox 293 3744 432 3829; x_wconf 84' lang='lat' dir='ltr'><strong>injuncti.</strong></span> <span class='ocrx_word' id='word_1_322' title='bbox 478 3745 694 3825; x_wconf 87' lang='lat' dir='ltr'><strong>Prohibemus,</strong></span> <span class='ocrx_word' id='word_1_323' title='bbox 709 3755 824 3826; x_wconf 81' lang='lat' dir='ltr'><strong>autent,</strong></span> <span class='ocrx_word' id='word_1_324' title='bbox 838 3767 878 3808; x_wconf 91' lang='lat' dir='ltr'><strong>ne</strong></span> <span class='ocrx_word' id='word_1_325' title='bbox 897 3745 968 3828; x_wconf 82' lang='lat' dir='ltr'><strong>quis</strong></span> <span class='ocrx_word' id='word_1_326' title='bbox 982 3769 999 3808; x_wconf 92' lang='lat' dir='ltr'><strong>e</strong></span> <span class='ocrx_word' id='word_1_327' title='bbox 1014 3759 1144 3808; x_wconf 83' lang='lat' dir='ltr'><strong>numero</strong></span> <span class='ocrx_word' id='word_1_328' title='bbox 1158 3748 1262 3810; x_wconf 87' lang='lat' dir='ltr'><strong>vestro</strong></span> 
     </span>
     <span class='ocr_line' id='line_1_39' title="bbox 116 3825 1264 3917; baseline 0 -21"><span class='ocrx_word' id='word_1_329' title='bbox 116 3833 298 3896; x_wconf 84' lang='lat' dir='ltr'><strong>admittetur</strong></span> <span class='ocrx_word' id='word_1_330' title='bbox 319 3833 360 3894; x_wconf 89' lang='lat' dir='ltr'><strong>ad</strong></span> <span class='ocrx_word' id='word_1_331' title='bbox 382 3830 569 3917; x_wconf 83' lang='lat' dir='ltr'><strong>suffragium</strong></span> <span class='ocrx_word' id='word_1_332' title='bbox 594 3831 752 3894; x_wconf 77' lang='lat' dir='ltr'><strong>ferendum</strong></span> <span class='ocrx_word' id='word_1_333' title='bbox 779 3830 814 3894; x_wconf 92' lang='lat' dir='ltr'><strong>iu</strong></span> <span class='ocrx_word' id='word_1_334' title='bbox 839 3828 992 3895; x_wconf 89' lang='lat' dir='ltr'><strong>electione</strong></span> <span class='ocrx_word' id='word_1_335' title='bbox 1015 3830 1088 3892; x_wconf 83' lang='lat' dir='ltr'><strong>novi</strong></span> <span class='ocrx_word' id='word_1_336' title='bbox 1112 3825 1264 3896; x_wconf 82' lang='lat' dir='ltr'><strong>scholaris</strong></span> 
     </span>
     <span class='ocr_line' id='line_1_40' title="bbox 117 3913 1264 4001; baseline -0.001 -18"><span class='ocrx_word' id='word_1_337' title='bbox 117 3933 173 3983; x_wconf 87' lang='lat' dir='ltr'><strong>aut</strong></span> <span class='ocrx_word' id='word_1_338' title='bbox 195 3917 293 3999; x_wconf 82' lang='lat' dir='ltr'><strong>Socii,</strong></span> <span class='ocrx_word' id='word_1_339' title='bbox 315 3919 345 3984; x_wconf 88' lang='lat' dir='ltr'><strong>in</strong></span> <span class='ocrx_word' id='word_1_340' title='bbox 366 3918 474 3981; x_wconf 85' lang='lat' dir='ltr'><strong>locum</strong></span> <span class='ocrx_word' id='word_1_341' title='bbox 497 3919 543 3982; x_wconf 81' lang='lat' dir='ltr'><strong>ita</strong></span> <span class='ocrx_word' id='word_1_342' title='bbox 565 3927 734 3997; x_wconf 74' lang='lat' dir='ltr'><strong>ramnum,</strong></span> <span class='ocrx_word' id='word_1_343' title='bbox 762 3915 823 3979; x_wconf 82' lang='lat' dir='ltr'><strong>nisi</strong></span> <span class='ocrx_word' id='word_1_344' title='bbox 845 3913 903 4001; x_wconf 85' lang='lat' dir='ltr'><strong>qui</strong></span> <span class='ocrx_word' id='word_1_345' title='bbox 925 3914 1016 4000; x_wconf 82' lang='lat' dir='ltr'><strong>prius</strong></span> <span class='ocrx_word' id='word_1_346' title='bbox 1037 3914 1264 3982; x_wconf 82' lang='lat' dir='ltr'><strong>solemniteret</strong></span> 
     </span>
     <span class='ocr_line' id='line_1_41' title="bbox 117 3999 1263 4150; baseline -0.003 -82"><span class='ocrx_word' id='word_1_347' title='bbox 117 4007 209 4068; x_wconf 81' lang='lat' dir='ltr'><strong>modo·</strong></span> <span class='ocrx_word' id='word_1_348' title='bbox 232 4021 329 4089; x_wconf 86' lang='lat' dir='ltr'><strong>snpra</strong></span> <span class='ocrx_word' id='word_1_349' title='bbox 351 4005 537 4089; x_wconf 64' lang='lat' dir='ltr'><strong>prescripto</strong></span> <span class='ocrx_word' id='word_1_350' title='bbox 554 4000 705 4085; x_wconf 77' lang='lat' dir='ltr'><strong>jnraverit</strong></span> <span class='ocrx_word' id='word_1_351' title='bbox 721 4003 753 4066; x_wconf 91' lang='lat' dir='ltr'><strong>in</strong></span> <span class='ocrx_word' id='word_1_352' title='bbox 768 4002 862 4066; x_wconf 78' lang='lat' dir='ltr'><strong>rerba</strong></span> <span class='ocrx_word' id='word_1_353' title='bbox 876 3999 1056 4150; x_wconf 67' lang='lat' dir='ltr'><strong>pysterioris</strong></span> <span class='ocrx_word' id='word_1_354' title='bbox 1071 4000 1161 4064; x_wconf 85' lang='lat' dir='ltr'><strong>illius</strong></span> <span class='ocrx_word' id='word_1_355' title='bbox 1171 3999 1263 4104; x_wconf 53' lang='lat' dir='ltr'><strong>jura:</strong></span> 
     </span>
     <span class='ocr_line' id='line_1_42' title="bbox 117 4086 1262 4174; baseline -0.003 -20"><span class='ocrx_word' id='word_1_356' title='bbox 117 4092 224 4172; x_wconf 85' lang='lat' dir='ltr'><strong>tuenti,</strong></span> <span class='ocrx_word' id='word_1_357' title='bbox 241 4093 390 4174; x_wconf 82' lang='lat' dir='ltr'><strong>superius</strong></span> <span class='ocrx_word' id='word_1_358' title='bbox 403 4089 498 4152; x_wconf 85' lang='lat' dir='ltr'><strong>etiem</strong></span> <span class='ocrx_word' id='word_1_359' title='bbox 513 4089 636 4153; x_wconf 90' lang='lat' dir='ltr'><strong>recitati</strong></span> <span class='ocrx_word' id='word_1_360' title='bbox 649 4097 680 4152; x_wconf 81' lang='lat' dir='ltr'><strong>et&#39;</strong></span> <span class='ocrx_word' id='word_1_361' title='bbox 694 4086 833 4171; x_wconf 89' lang='lat' dir='ltr'><strong>injuncti.</strong></span> <span class='ocrx_word' id='word_1_362' title='bbox 909 4106 988 4168; x_wconf 76' lang='grc' dir='ltr'><strong>οπο,</strong></span> <span class='ocrx_word' id='word_1_363' title='bbox 1011 4097 1124 4166; x_wconf 84' lang='lat' dir='ltr'><strong>autem,</strong></span> <span class='ocrx_word' id='word_1_364' title='bbox 1140 4098 1184 4149; x_wconf 88' lang='lat' dir='ltr'><strong>ut</strong></span> <span class='ocrx_word' id='word_1_365' title='bbox 1209 4103 1262 4172; x_wconf 88' lang='lat' dir='ltr'><strong>qur</strong></span> 
     </span>
     <span class='ocr_line' id='line_1_43' title="bbox 118 4171 1264 4262; baseline -0.001 -24"><span class='ocrx_word' id='word_1_366' title='bbox 118 4177 152 4239; x_wconf 91' lang='lat' dir='ltr'><strong>in</strong></span> <span class='ocrx_word' id='word_1_367' title='bbox 181 4176 335 4259; x_wconf 86' lang='lat' dir='ltr'><strong>ejusmodi</strong></span> <span class='ocrx_word' id='word_1_368' title='bbox 361 4177 564 4240; x_wconf 86' lang='lat' dir='ltr'><strong>electionibus</strong></span> <span class='ocrx_word' id='word_1_369' title='bbox 587 4175 737 4262; x_wconf 80' lang='lat' dir='ltr'><strong>suffragia</strong></span> <span class='ocrx_word' id='word_1_370' title='bbox 764 4171 861 4239; x_wconf 88' lang='lat' dir='ltr'><strong>laturi</strong></span> <span class='ocrx_word' id='word_1_371' title='bbox 884 4175 965 4252; x_wconf 88' lang='lat' dir='ltr'><strong>estis,</strong></span> <span class='ocrx_word' id='word_1_372' title='bbox 990 4172 1030 4236; x_wconf 89' lang='lat' dir='ltr'><strong>de</strong></span> <span class='ocrx_word' id='word_1_373' title='bbox 1054 4171 1264 4260; x_wconf 79' lang='lat' dir='ltr'><strong>qualitatibus</strong></span> 
     </span>
     <span class='ocr_line' id='line_1_44' title="bbox 117 4253 1264 4348; baseline -0.003 -22"><span class='ocrx_word' id='word_1_374' title='bbox 117 4262 336 4348; x_wconf 86' lang='lat' dir='ltr'><strong>eligendorum</strong></span> <span class='ocrx_word' id='word_1_375' title='bbox 364 4284 419 4348; x_wconf 87' lang='lat' dir='ltr'><strong>per</strong></span> <span class='ocrx_word' id='word_1_376' title='bbox 448 4274 563 4326; x_wconf 86' lang='lat' dir='ltr'><strong>statuta</strong></span> <span class='ocrx_word' id='word_1_377' title='bbox 591 4273 694 4326; x_wconf 83' lang='lat' dir='ltr'><strong>vestra</strong></span> <span class='ocrx_word' id='word_1_378' title='bbox 723 4260 884 4346; x_wconf 85' lang='lat' dir='ltr'><strong>requisitis</strong></span> <span class='ocrx_word' id='word_1_379' title='bbox 913 4258 1032 4323; x_wconf 75' lang='lat' dir='ltr'><strong>melius</strong></span> <span class='ocrx_word' id='word_1_380' title='bbox 1064 4253 1264 4322; x_wconf 85' lang='lat' dir='ltr'><strong>instruamini</strong></span> 
     </span>
     <span class='ocr_line' id='line_1_45' title="bbox 121 4337 1265 4433; baseline -0.002 -21"><span class='ocrx_word' id='word_1_381' title='bbox 121 4350 220 4433; x_wconf 91' lang='lat' dir='ltr'><strong>(quod</strong></span> <span class='ocrx_word' id='word_1_382' title='bbox 242 4349 374 4433; x_wconf 90' lang='lat' dir='ltr'><strong>quidem</strong></span> <span class='ocrx_word' id='word_1_383' title='bbox 401 4359 535 4431; x_wconf 89' lang='lat' dir='ltr'><strong>angusto</strong></span> <span class='ocrx_word' id='word_1_384' title='bbox 557 4347 650 4412; x_wconf 86' lang='lat' dir='ltr'><strong>unius</strong></span> <span class='ocrx_word' id='word_1_385' title='bbox 665 4342 729 4411; x_wconf 79' lang='lat' dir='ltr'><strong>&#39;aut</strong></span> <span class='ocrx_word' id='word_1_386' title='bbox 753 4348 882 4412; x_wconf 85' lang='lat' dir='ltr'><strong>alterius</strong></span> <span class='ocrx_word' id='word_1_387' title='bbox 905 4345 973 4409; x_wconf 88' lang='lat' dir='ltr'><strong>diei</strong></span> <span class='ocrx_word' id='word_1_388' title='bbox 994 4345 1098 4430; x_wconf 86' lang='lat' dir='ltr'><strong>spatio</strong></span> <span class='ocrx_word' id='word_1_389' title='bbox 1118 4344 1179 4408; x_wconf 88' lang='lat' dir='ltr'><strong>rite</strong></span> <span class='ocrx_word' id='word_1_390' title='bbox 1195 4337 1265 4410; x_wconf 81' lang='lat' dir='ltr'><strong>lieri</strong></span> 
     </span>
     <span class='ocr_line' id='line_1_46' title="bbox 120 4427 1266 4520; baseline -0.003 -23"><span class='ocrx_word' id='word_1_391' title='bbox 120 4453 178 4500; x_wconf 89' lang='lat' dir='ltr'><strong>non</strong></span> <span class='ocrx_word' id='word_1_392' title='bbox 194 4439 323 4520; x_wconf 87' lang='lat' dir='ltr'><strong>potest),</strong></span> <span class='ocrx_word' id='word_1_393' title='bbox 342 4448 436 4520; x_wconf 90' lang='lat' dir='ltr'><strong>atque</strong></span> <span class='ocrx_word' id='word_1_394' title='bbox 450 4451 486 4498; x_wconf 90' lang='lat' dir='ltr'><strong>ut</strong></span> <span class='ocrx_word' id='word_1_395' title='bbox 500 4454 646 4500; x_wconf 88' lang='lat' dir='ltr'><strong>numerus</strong></span> <span class='ocrx_word' id='word_1_396' title='bbox 661 4433 899 4499; x_wconf 85' lang='lat' dir='ltr'><strong>candidatorum</strong></span> <span class='ocrx_word' id='word_1_397' title='bbox 914 4442 1018 4512; x_wconf 88' lang='lat' dir='ltr'><strong>ctota,</strong></span> <span class='ocrx_word' id='word_1_398' title='bbox 1041 4442 1077 4495; x_wconf 92' lang='lat' dir='ltr'><strong>ut</strong></span> <span class='ocrx_word' id='word_1_399' title='bbox 1091 4429 1163 4495; x_wconf 85' lang='lat' dir='ltr'><strong>lieri</strong></span> <span class='ocrx_word' id='word_1_400' title='bbox 1178 4427 1266 4512; x_wconf 60' lang='lat' dir='ltr'><strong>solet}</strong></span> 
     </span>
    </p>
   </div>
   <div class='ocr_carea' id='block_1_6' title="bbox 654 4519 1134 4607">
    <p class='ocr_par' dir='ltr' id='par_1_7' title="bbox 654 4519 1134 4607">
     <span class='ocr_line' id='line_1_47' title="bbox 654 4519 1134 4607; baseline -0.021 -17"><span class='ocrx_word' id='word_1_401' title='bbox 654 4519 718 4607; x_wconf 83' lang='lat'><em>(7.)</em></span> <span class='ocrx_word' id='word_1_402' title='bbox 1112 4536 1134 4580; x_wconf 70' lang='lat' dir='ltr'><strong>e</strong></span> 
     </span>
    </p>
   </div>
   <div class='ocr_carea' id='block_1_7' title="bbox 1278 4452 1331 4600">
    <p class='ocr_par' dir='ltr' id='par_1_8' title="bbox 1278 4452 1331 4600">
     <span class='ocr_line' id='line_1_48' title="bbox 1278 4452 1331 4600; baseline 0 0"><span class='ocrx_word' id='word_1_403' title='bbox 1278 4452 1331 4600; x_wconf 71' lang='grc' dir='ltr'>Ι</span> 
     </span>
    </p>
   </div>
   <div class='ocr_carea' id='block_1_8' title="bbox 0 0 1512 4898">
    <p class='ocr_par' dir='ltr' id='par_1_9' title="bbox 0 0 1512 4898">
     <span class='ocr_line' id='line_1_49' title="bbox 0 0 1512 4898; baseline 0 0"><span class='ocrx_word' id='word_1_404' title='bbox 0 0 1512 4898; x_wconf 95' lang='lat' dir='ltr'><strong> </strong></span> 
     </span>
    </p>
   </div>
  </div>
 </body>
</html>
