3014 4898
496 239 740 324 Iry‘ancta'onstff
757 237 896 305 Victore.
1209 240 1268 315 lll

117 411 190 492 rati,
205 423 346 498 gerentes
361 411 468 475 datnm
482 409 616 493 'septimo
630 409 681 473 die
700 407 817 473 mensis
830 406 976 473 instantis
991 405 1011 472 J
1015 410 1147 487 annarii,
1169 411 1271 499 signi·

119 499 245 562 ficetum
267 499 317 572 sit,
340 497 425 582 quod
448 519 520 559 cum
542 494 686 561 statutis*l
702 494 781 558 dicti
801 493 941 580 collegii
963 495 1129 578 provisum
1149 496 1191 562 sit
1211 499 1271 563 suh

117 583 177 647 hoc
193 583 250 670 qni
272 586 414 667 sequitur
429 585 590 646 verborum
613 594 735 658 tenore;
758 581 880 647 “Etsi
902 582 1102 664 praefatorum
1118 583 1270 648 Vicecus⁴

118 670 212 744 todis,
223 669 448 735 Bursariorum
463 681 493 732 et
511 666 724 746 Decanorum,
741 667 788 731 vel
800 687 907 730 eorum
923 666 1070 753 alicujus,
1086 670 1271 735 electionem

117 757 198 820 inira
212 765 277 821 tres
292 755 362 821 dies
377 765 450 840 post
465 766 589 837 tempus
610 753 643 816 in
658 753 755 818 dictis
771 753 895 817 statutis
908 752 1087 827 limitatum,
1102 778 1157 820 seu
1172 757 1271 822 dicto-

118 864 190 908 rum
213 844 306 906 trium
328 842 448 906 dierum
470 840 625 925 spatium,
645 838 798 905 celebrari
821 861 883 903 non
905 839 1082 924 contigerit,
1095 843 1180 925 quod
1193 853 1271 908 tunc

117 928 159 991 ad
170 950 225 993 nos
236 942 266 993 et
277 948 467 993 successores
481 937 600 991 nostros
611 925 789 990 cantuariae
799 925 1153 1011 Archiepiscopos,·sede
1167 929 1271 1012 plena,

118 1012 190 1096 ipsa
202 1037 274 1078 vero
289 1014 364 1077 sede
378 1025 507 1080 vacante
521 1012 563 1076 ad
585 1009 729 1077 Priorem
744 1010 885 1079 ecclesiae
899 1024 1010 1076 nostrae
1024 1013 1270 1095 cantuariensis,

118 1101 169 1162 vel
191 1100 223 1162 in
245 1099 344 1185 ipsius
367 1099 504 1165 absentia
525 1099 565 1165 ad
583 1097 760 1162 Officialem
782 1099 876 1161 curiae
898 1109 1009 1162 nostrae
1024 1098 1271 1181 cantuariensis,

116 1185 256 1268 ipsorum
270 1184 382 1252 electio
396 1185 553 1270 pertinere
569 1184 662 1247 dehet
674 1183 706 1259 ;”
720 1185 868 1268 quodque
877 1207 941 1264 vos,
951 1182 1045 1267 juxta
1059 1197 1176 1251 statuta
1192 1210 1272 1272 prae·

116 1266 211 1346 dicta,
227 1272 268 1335 ad
285 1273 461 1351 Bursarios,
479 1271 684 1355 Decanosque
697 1280 727 1333 et
742 1269 912 1335 Rectorem
935 1272 965 1334 in
988 1271 1150 1358 theologia.
1163 1273 1271 1374 desig-

116 1358 244 1435 nandos,
259 1359 483 1437 convenientes,
497 1356 552 1420 sed
567 1356 762 1420 variantibus
774 1357 934 1422 sententiis
951 1356 1033 1420 nihil
1047 1369 1151 1422 actum
1166 1362 1271 1430 fueret.

116 1466 174 1507 nec
195 1446 227 1507 in
244 1466 305 1507 nna
326 1465 458 1528 persona
472 1442 643 1506 consentire
665 1443 842 1527 potueritis,
857 1454 888 1505 et
903 1444 943 1507 oh
958 1466 1028 1506 eam
1042 1465 1167 1508 cansam
1191 1447 1270 1510 Bur·

116 1531 264 1593 sariorum
282 1529 400 1604 electio,
417 1550 530 1595 necnon
552 1527 755 1592 Decanorum
772 1538 804 1591 et
825 1527 967 1592 Rectoris
982 1530 1015 1592 in
1029 1529 1199 1617 theologia,
1212 1555 1270 1618 pro

116 1616 176 1684 hac
192 1615 258 1679 rice
278 1616 319 1678 ad
340 1637 395 1678 nos
414 1628 563 1699 tauquam
584 1613 769 1694 Patronum,
785 1613 991 1679 Visitatorem
1006 1625 1034 1679 et
1051 1615 1269 1699 Ordinarium,

118 1701 268 1785 pertinet:
291 1703 374 1766 vobis
388 1701 484 1787 igitur
505 1709 536 1764 et
558 1698 695 1787 singulis
708 1713 843 1764 vestrum
865 1699 1096 1788 significamus,
1111 1724 1180 1782 nos,
1196 1727 1270 1768 cum

16 1791 18 1795 ⁴
118 1809 219 1851 causae
247 1787 426 1873 cognitione
454 1798 485 1850 et
515 1798 638 1851 matura
659 1785 891 1866 deliberatione,
923 1787 1077 1850 Basiliam
1104 1789 1205 1852 Ward
1234 1789 1269 1853 in

119 1872 242 1959 legibus
256 1872 503 1937 Baccalaureum
527 1872 561 1935 in
580 1871 763 1937 Bursarium
780 1872 980 1956 juristarum,
996 1872 1170 1939 Ricardum
1187 1875 1270 1946 Wil-

118 1959 210 2027 liams
239 1960 272 2024 in
298 1961 415 2024 artibus
439 1960 638 2047 Magistrum
666 1958 702 2022 in
728 1959 917 2028 Bursarium
943 1959 1121 2034 aristarum,
1145 1961 1269 2027 Antho-

117 2045 207 2114 nium
222 2044 324 2110 Davis
347 2046 382 2111 in
404 2044 530 2131 legibus
550 2045 800 2111 Baccalaureum
826 2045 859 2108 in
884 2045 1047 2112 Decanum
1069 2046 1270 2129 juristarum,

119 2131 281 2196 Jonathan
306 2130 459 2218 Vaughan
486 2131 519 2196 in
542 2131 663 2196 artibus
686 2132 877 2211 Magistrum
899 2133 930 2195 in
953 2131 1122 2198 Decanum
1145 2134 1270 2198 artista-

118 2239 199 2296 rum,
225 2229 256 2279 at
279 2216 437 2282 Thomam
459 2217 530 2302 Dry
550 2219 581 2280 in
607 2217 729 2280 artibus
751 2216 944 2303 Magistrum
966 2219 1002 2281 in
1028 2231 1178 2285 rectorem
1200 2220 1277 2301 sive¹

117 2302 343 2367 moderatorem
351 2303 382 2364 in
393 2302 563 2388 theologia,
574 2302 701 2384 elegisse
710 2303 884 2365 nominasse
897 2313 929 2366 at
936 2302 1124 2389 designasse,
1138 2328 1175 2368 ac
1190 2329 1269 2390 prae·

117 2389 252 2452 sentium
274 2398 378 2451 tenore
393 2387 515 2473 eligere,
531 2388 690 2453 nominare
705 2398 736 2451 et
755 2387 926 2472 designare.
971 2388 1071 2455 Vobis
1087 2401 1120 2453 et
1134 2402 1269 2472 vestrum

117 2473 248 2559 singulis
259 2474 442 2539 mandantes
450 2486 491 2554 ut,
501 2498 520 2538 a
529 2485 664 2557 tempore
676 2474 902 2558 publicationis
911 2475 1129 2558 praesentium,
1142 2478 1271 2547 eosdem

117 2561 158 2626 ad
180 2561 281 2623 officia
302 2560 477 2644 supradicta
502 2558 669 2643 respective
692 2559 855 2645 recipiatis
877 2573 908 2623 et
935 2561 1119 2642 admittatis,
1150 2575 1182 2627 et
1210 2586 1269 2648 pro

117 2645 212 2710 dictis
227 2645 390 2716 officiariis
405 2648 511 2710 vestris
534 2646 638 2730 quoad
653 2667 759 2710 omnes
774 2645 903 2710 effectus
916 2646 1088 2733 accipiatis.
1134 2649 1173 2713 In
1192 2673 1269 2734 quo-

119 2755 189 2795 rum
205 2732 348 2797 omnium
361 2742 392 2795 et
406 2733 599 2815 singulorum
620 2732 861 2816 praemissorum
874 2733 968 2799 fidem
992 2744 1022 2797 et
1040 2734 1269 2816 testimonium,

118 2830 282 2901 praescntes
303 2819 408 2881 literas
423 2832 541 2882 nostras
556 2819 650 2904 sigilli
664 2819 761 2881 nostri
776 2819 1065 2907 Archiepiscopalis
1079 2823 1269 2907 appositione

116 2906 301 2970 communiri
316 2905 532 2969 mandavimus
546 2917 576 2967 et
592 2905 731 2968 lecimus.
768 2903 892 2970 Datum
907 2908 940 2968 in
955 2908 1096 2970 manerio
1110 2920 1215 2973 nostro
1226 2910 1268 2974 de

118 2989 290 3071 Lambeth,
304 2992 425 3057 decimo
440 2992 494 3056 die
510 2991 627 3055 mensis
647 2992 669 3057 J
672 2993 801 3072 annarii,
816 3014 900 3055 anno
923 2992 1066 3073 Domini,
1077 2992 1170 3076 juxta
1185 3017 1269 3059 com·

115 3078 312 3161 putationem
333 3077 472 3142 ecclesiae
488 3077 627 3161 Angliae,
647 3077 741 3152 1611,
762 3091 795 3146 et
815 3092 927 3147 aostrae
949 3081 1160 3145 translationis
1186 3103 1269 3148 anno

114 3162 228 3246 primo.
1049 3165 1090 3232 G.
1114 3165 1222 3233 Cane.

163 3425 363 3505 Wilhelmns,
388 3425 578 3511 providentia
607 3426 708 3490 divina
733 3425 969 3493 cantuariensis
995 3425 1266 3581 Archiepimpus,

116 3511 244 3596 Angliae
260 3512 393 3582 Primae
414 3523 443 3575 et
458 3512 739 3596 Metropolitanus,
761 3511 882 3577 dilectis
898 3513 985 3577 nobis
1000 3514 1031 3576 in
1046 3514 1171 3580 Christo
1216 3542 1268 3582 us·

115 3599 192 3677 todi,
209 3598 418 3677 Vicecustodi,
433 3599 531 3661 Sociis
547 3612 575 3661 et
592 3599 796 3677 scholaribus,
820 3599 957 3686 collegii
977 3600 1166 3665 Animarum
1189 3605 1267 3669 Om-

117 3685 203 3746 nium
228 3682 387 3747 Fidelinm
411 3685 640 3749 Defunctorurn
670 3685 709 3747 de
736 3683 871 3764 Oxonia,
902 3685 1047 3767 salntem,
1076 3692 1212 3774 gratiam
1234 3703 1267 3757 et

114 3771 369 3837 benedictionem.
415 3770 536 3833 Tenore
557 3771 756 3855 praesentium
779 3781 886 3835 notum
909 3771 992 3834 vobis
1010 3774 1142 3839 facimus
1156 3787 1187 3842 et
1202 3778 1267 3863 sig-

115 3857 278 3921 nificamus
306 3856 403 3940 qnod,
433 3857 485 3919 die
513 3856 596 3920 datae
626 3858 837 3941 praesentium,
866 3856 1038 3922 habuimus
1066 3860 1204 3926 vidimus
1234 3877 1267 3927 et

115 3942 283 4030 diligenter
307 3942 499 4026 inspeximus
529 3943 700 4026 registrum
729 3942 947 4009 authenticum
978 3943 1111 4032 Georgii
1144 3947 1266 4031 Abbot,

114 4029 201 4092 bonae
231 4029 401 4107 memoriae,
434 4049 534 4112 nuper
563 4028 803 4113 Archiepiscopi
832 4029 1066 4095 Cantuariensis
1091 4045 1121 4095 et
1147 4036 1267 4119 praede-

114 4115 241 4177 cessoris
269 4115 386 4192 nostri3
418 4127 511 4199 atque
540 4114 660 4178 ibidem
688 4116 861 4181 invenimus
891 4125 923 4182 et
944 4116 1081 4201 legimus
1109 4122 1266 4203 quasdam

114 4197 318 4279 injunctiones
334 4203 373 4265 ad
390 4214 503 4266 vestros
516 4202 592 4264 olim
609 4201 849 4286 praedecessores
864 4203 994 4266 directas
1008 4215 1039 4266 et
1050 4208 1246 4273 transmissas
1255 4233 1266 4287 3

115 4305 247 4365 quarum
262 4297 348 4350 terror
362 4288 502 4371 sequitur
516 4288 548 4351 in
561 4289 628 4351 haec
643 4288 796 4372 ipsissima
811 4289 921 4366 rerba3
936 4288 1088 4370 videlicet,

417 4497 421 4505 .
518 4432 862 4529 medietatatem.
1120 4526 1122 4530 ,
1203 4392 1367 4586 ι
