3014 4898
360 276 616 363 StatuterffAll
630 275 723 344 Souls
741 274 867 361 Colleqe,
889 276 1017 361 Oaford.
1227 282 1265 348 61

120 449 248 511 statutis
273 449 308 512 fit
329 450 445 512 mentio
467 447 626 532 specialis,
654 470 759 512 coram
779 447 875 512 Socio
898 458 929 510 et
941 448 1081 512 scholari
1096 451 1268 534 puniendo,

120 545 289 618 antequam
311 536 476 620 puniatur,
499 535 645 618 legantur
670 544 788 597 statuta
811 544 842 596 et
865 534 1008 618 capitula
1032 537 1069 598 in
1091 539 1207 622 quibus
1232 540 1268 603 fit

119 622 240 683 mentio
255 623 294 685 de
310 645 445 694 excessu,
462 622 594 685 crimine
611 630 640 684 et
655 619 781 699 delicto,
797 642 854 703 pro
871 643 935 704 quo
951 622 1004 684 liet
1020 625 1150 705 punitio
1164 625 1268 690 delin-

119 708 254 789 quentis.
297 709 334 771 Si
349 731 422 771 vero
437 709 470 771 in
486 707 602 770 nostris
616 707 868 771 ordinationibus
883 720 913 769 et
927 709 1058 771 statutis
1072 711 1110 773 de
1125 733 1266 791 excessu,
1280 707 1414 761 Di⁸⁰¹⁸fi⁰¹¹
1427 716 1456 763 οἵ

120 793 252 855 crimine
267 796 314 857 vel
335 794 464 871 delicto,
491 803 551 858 aut
564 815 658 876 poena
683 793 908 876 delinquentis,
933 775 1447 890 specialiter10autum{222⁶ssth

119 899 176 941 non
202 881 326 954 existat,
350 903 408 944 nec
431 881 511 943 alias
535 881 656 942 mentio
671 879 728 942 fiat
743 878 927 962 specialiter
942 881 981 941 ad
996 903 1131 962 quorum
1148 885 1267 947 discre-
1279 859 1434 965 punishmein
1444 860 1481 957 ii⁰

108 964 237 1037 ‚tionem
254 976 283 1041 et
298 968 462 1030 arbitrium
474 966 582 1049 puniri
596 966 710 1028 debeat
722 965 767 1027 sic
781 965 976 1049 delinquens,
992 979 1064 1029 tunc
1073 991 1147 1031 eum
1161 972 1267 1054 puniri
1279 968 1390 1029 specinea
1401 971 1427 1019 in

119 1050 264 1114 volumus
271 1055 365 1136 juxta
374 1054 540 1116 arbitrium
550 1063 579 1112 et
591 1051 816 1114 discretionem
828 1051 982 1114 Custodis
995 1066 1025 1114 et
1037 1052 1158 1137 Decani
1168 1057 1266 1120 facul·
1279 1037 1387 1084 statuta.

118 1137 189 1199 tatis
199 1138 245 1200 sic
254 1139 465 1222 delinquentis
476 1149 541 1216 aut,
552 1138 585 1199 in
595 1138 737 1201 absentia
748 1135 909 1213 Custodis,
924 1138 1145 1203 Vicecustodis
1159 1153 1190 1204 et
1203 1143 1268 1206 De-

119 1223 192 1284 cani
207 1226 393 1308 supradicti.
440 1226 625 1300 Statuentes,
646 1224 791 1301 ulteriuS,
806 1225 892 1306 quod
907 1223 1011 1286 nullus
1033 1225 1197 1290 Sociorum
1219 1231 1269 1292 vel
1282 1242 1418 1307 Defending
1429 1262 1455 1295 or

117 1308 319 1386 scholarium,
335 1312 551 1396 cujuscunque
560 1311 695 1374 scientiar
706 1310 754 1372 vel
769 1309 931 1372 facultatis
943 1311 1064 1383 existat,
1077 1311 1175 1376 alium
1186 1313 1268 1397 ejus-
1280 1307 1390 1369 mining
1401 1310 1479 1359 deliu-

118 1393 191 1456 dem
207 1395 348 1482 Collegii
367 1398 500 1460 Socium
515 1397 565 1459 vel
587 1396 762 1459 scholarem
777 1395 815 1458 de
842 1396 948 1479 aliquo
974 1398 1116 1472 crimine,
1138 1422 1268 1464 excessu
1280 1379 1376 1435 quatu.

117 1479 162 1542 vel
171 1481 296 1554 delicto,
307 1505 412 1545 coram
422 1483 785 1552 Custode,Vicecustode
795 1495 847 1543 aut
859 1483 1004 1561 Decanis,
1016 1483 1205 1570 impetitum,
1216 1489 1269 1551 de·

118 1564 218 1628 latum
230 1569 276 1632 vel
290 1579 484 1643 accusatum,
496 1579 631 1642 tueatur,
648 1568 807 1641 desendet,
819 1580 1031 1642 manuteneat,
1043 1570 1089 1633 vel
1103 1573 1206 1634 eidem
1220 1595 1269 1636 as-

118 1652 208 1714 sistat
218 1654 358 1727 consilio,
369 1658 462 1719 verbo
477 1655 526 1719 vel
542 1656 632 1728 lacto,
644 1667 698 1715 aut
714 1677 768 1738 pro
782 1654 850 1738 ipso
864 1653 1048 1738 aliqualiter
1062 1655 1178 1743 alleget
1190 1681 1269 1743 quo·

118 1739 223 1801 minus
237 1741 341 1824 ipsius
355 1741 561 1825 delinquentis
577 1741 686 1804 debita
702 1740 822 1826 punitio
838 1761 892 1802 seu
907 1742 1060 1804 correctio
1077 1743 1141 1804 lieri
1157 1746 1266 1818 valeat,

114 1822 208 1906 juxta
223 1828 412 1912 exigentiam
424 1829 654 1891 ordinationum
664 1839 694 1888 et
702 1839 891 1890 statutorum
903 1839 1090 1900 nostrorum,
1104 1840 1135 1891 et
1147 1850 1184 1890 ne
1197 1831 1269 1914 ipsa

118 1914 268 1975 correctio
284 1916 456 1977 retardetur
467 1915 517 1977 vel
534 1914 610 1975 alias
618 1912 790 1987 differatur,
801 1914 859 1975 sub
871 1934 965 1996 poena
977 1915 1142 1977 amotionis
1154 1936 1268 2000 perpe-

117 2008 180 2060 tuae
192 2021 212 2060 a
222 2013 327 2062 nostro
343 2000 485 2082 Collegio
499 2011 679 2063 memorato.
719 1999 863 2082 Insuper,
875 2011 1047 2061 statuentes
1060 2002 1145 2084 quod
1157 2002 1266 2066 nullus
1281 2018 1393 2066 Accusat
1405 2035 1457 2083 par-

117 2083 230 2147 Socius
246 2086 294 2149 vel
319 2086 472 2149 scholaris
487 2086 567 2149 dicti
587 2085 721 2170 Collegii
742 2107 839 2168 super
867 2085 1065 2162 criminibus,
1090 2089 1266 2152 excessibus
1279 2081 1374 2156 aanor
1385 2091 1409 2131 ‘⁰
1423 2083 1481 2133 have

116 2169 168 2232 vel
184 2170 319 2251 delictis,
334 2173 476 2235 detectus
490 2195 546 2234 seu
562 2171 695 2250 delatus,
711 2173 833 2253 copiam
856 2184 1086 2255 compertorum
1110 2186 1142 2235 et
1162 2174 1267 2238 detec-
1280 2148 1395 2271 ξζξζὲζὲῑ

116 2266 220 2317 torum
235 2257 300 2320 sibi
316 2258 404 2329 tradi,
419 2259 478 2333 edi,
497 2258 563 2321 dari
584 2269 638 2318 aut
659 2256 797 2328 liberari,
821 2279 877 2318 sen
901 2258 1029 2319 nomina
1052 2258 1266 2344 detegentium

118 2351 173 2404 aut
199 2342 449 2404 denuntiantium
476 2343 539 2405 sibi
561 2342 673 2425 exponi
702 2353 796 2425 petat,
826 2364 927 2424 neque
953 2343 1022 2425 ipsa
1048 2355 1207 2427 comperta
1235 2357 1267 2407 et

117 2427 239 2491 detecta
254 2451 308 2490 seu
325 2429 453 2490 nomina
466 2427 648 2510 hujusmodi
669 2427 831 2489 tradantur
844 2427 967 2504 eidem3
990 2429 1043 2491 sed
1066 2452 1161 2513 super
1183 2452 1267 2492 com·

117 2514 215 2597 pertis
231 2525 260 2576 et
276 2515 406 2578 detectis
427 2513 608 2597 hujusmodi
631 2513 840 2597 personaliter
865 2515 1060 2597 respondeat,
1085 2538 1123 2578 ac
1148 2539 1267 2579 correc-

117 2601 218 2663 tiones
248 2599 380 2673 debitas,
408 2601 437 2664 si
460 2601 623 2663 convictus
650 2599 754 2670 fuerit,
779 2601 899 2671 subeat,
924 2599 1016 2681 juxta
1038 2601 1267 2665 ordinationum

117 2700 147 2748 et
162 2698 348 2749 statutorum
365 2687 441 2749 dicti
465 2686 598 2772 Collegii
621 2686 813 2768 exigentiam
836 2696 867 2747 et
890 2698 1046 2759 tenorem;
1074 2689 1267 2753 cessantibus
1281 2699 1406 2747 saiand

117 2773 361 2856 quibuscunque
385 2772 669 2856 provocationibus,
691 2771 967 2854 appellationibus,
989 2773 1126 2856 querelis
1148 2787 1178 2838 et
1193 2775 1267 2839 aliis
1281 2764 1385 2827 appeals

113 2857 193 2940 juris
219 2875 249 2920 et
276 2860 349 2936 lacti
375 2860 527 2937 remediis,
550 2880 606 2942 per
634 2880 714 2942 quas
737 2881 795 2920 seu
819 2880 889 2940 quae
920 2859 1025 2941 ipsius
1051 2859 1268 2944 delinquentis

116 2945 262 3008 correctio
281 2959 311 3006 et
328 2946 450 3030 punitio
465 2945 580 3007 deferri
597 2944 723 3022 valeant,
748 2966 805 3005 seu
825 2945 903 3006 alias
919 2945 1153 3027 quomodolibet
1167 2947 1270 3032 impe-

116 3031 190 3102 diri,
207 3032 268 3094 sub
282 3053 374 3116 posna
390 3031 556 3096 amotionis
572 3041 729 3114 perpetuas
744 3052 763 3091 a
779 3044 882 3092 nostro
899 3029 1042 3114 Collegio
1058 3046 1241 3098 memorato.

137 3189 218 3274 Cap.
236 3191 386 3256 31.-De
400 3193 571 3254 visitatione
587 3192 801 3340 alisanariorqm,
816 3202 845 3255 ct
855 3214 1018 3278 proqrcsru
1037 3192 1178 3259 Custodia
1193 3197 1242 3259 vel

619 3280 743 3340 icecusto
766 3279 804 3340 ir.

160 3388 329 3461 Caeterurn,
354 3410 401 3460 ne,
427 3410 483 3471 per
507 3387 731 3472 negligentiam
761 3388 998 3470 supervisionis,
1024 3403 1080 3451 aut
1105 3389 1267 3452 incuriam

116 3477 340 3544 ministrorum,
356 3472 403 3534 vel
419 3483 547 3556 propter
561 3473 715 3535 defectum
730 3473 933 3556 reparationis
948 3475 1171 3546 maneriorum,
1189 3474 1263 3537 Col·

115 3561 237 3646 legium
260 3559 293 3620 in
319 3559 566 3642 possessionibus
588 3559 653 3620 suis
678 3560 743 3621 sive
763 3560 850 3622 bonis
865 3559 1017 3621 damnum
1032 3562 1171 3643 patiatur
1185 3583 1264 3643 quo-

116 3645 287 3710 modolibet
302 3645 353 3708 vel
363 3646 532 3727 jacturam,
556 3646 737 3717 statuimus,
753 3646 934 3708 ordinamus
950 3659 980 3708 et
994 3647 1148 3716 volumus
1168 3649 1262 3730 quod,
1277 3654 1365 3717 Yarly
1377 3673 1481 3720 progreu

116 3733 251 3816 singulis
275 3732 374 3806 annis,
396 3732 505 3793 statim
528 3741 599 3814 post
620 3731 734 3793 festum
759 3731 965 3794 Exaltationis
988 3731 1113 3793 Sanctae
1136 3731 1260 3804 Crucis,
1274 3719 1452 3831 2{e{'l⁷‡n¹'d‘¹¹‘⁰

115 3820 171 3881 liat
186 3819 331 3881 circuitus
347 3831 377 3878 et
398 3839 584 3902 progressus
605 3839 660 3899 per
683 3817 854 3880 Custodem
878 3829 908 3878 et
931 3817 1071 3900 aliquem
1095 3818 1261 3880 Sociorum
1274 3802 1456 3900 andstoilimo

116 3905 295 3976 discretum,
312 3905 353 3966 ad
369 3903 428 3965 hoc
443 3926 499 3986 per
514 3901 662 3985 majorem
677 3914 796 3986 partem
815 3902 1004 3985 juristarum
1028 3925 1147 3966 necnon
1171 3906 1262 3967 artis·

115 4005 218 4054 tarum
240 3990 416 4061 Sociorum,
439 4001 513 4052 tunc
542 3990 757 4072 praesentium,
782 3990 978 4071 eligendum3
1003 3989 1064 4060 vel,
1087 3991 1116 4051 si
1142 3991 1262 4053 Custos

115 4078 280 4141 commode
302 4077 470 4138 circuitum
497 4075 682 4159 hujusmodi
705 4098 763 4159 per
786 4098 819 4138 se
843 4075 942 4137 facere
968 4097 1029 4138 non
1054 4077 1163 4159 possit,
1189 4093 1262 4139 tunc

117 4162 358 4226 Vicecustodem
371 4178 397 4225 et
414 4163 546 4225 Sociurn
567 4161 758 4244 hujusmodi,
772 4163 878 4223 omnia
898 4164 1037 4224 maneria
1051 4175 1082 4224 et
1100 4161 1262 4235 beneficia,

115 4269 153 4309 ac
184 4249 293 4311 boscos
324 4271 539 4332 quoscunque,
570 4250 612 4310 ad
641 4249 763 4311 dietum
793 4247 971 4334 Collegium
1001 4250 1183 4331 spectantia,
1222 4250 1262 4311 ad

116 4332 245 4395 realiter
270 4335 537 4417 supervidendum
565 4347 683 4397 statum
717 4335 939 4414 maneriorum,
977 4335 1201 4397 beneficiorum
1232 4345 1263 4396 et
1473 4332 1481 4457 1

116 4420 282 4483 boscorum
309 4419 504 4502 hujusmodi,
535 4434 741 4505 staurumque
766 4421 871 4483 vivum
900 4433 931 4483 et
956 4434 1125 4492 mortuum,
1154 4442 1260 4504 equos,

116 4506 221 4584 affros,
236 4505 340 4585 boves,
355 4529 475 4580 vaccas,
490 4517 645 4572 eteorum
660 4506 787 4582 vitulos,
811 4529 922 4571 omnes
945 4506 1081 4572 bidentes
1102 4518 1134 4570 et
1156 4507 1262 4599 omnia
