3014 4898
483 211 747 296 ¹Injrutctionsof
764 209 900 275 Visitors.
1217 210 1279 276 1-05
1373 220 1379 232 '

124 403 200 462 cum
218 382 312 446 etiam
329 405 361 446 re
377 382 448 468 ipsa
462 403 544 447 nunc
559 381 764 447 invenerimus
778 403 839 445 non
855 381 900 444 ita
915 379 1062 469 Collegio
1081 397 1280 469 prospectum

126 469 200 533 inde
224 469 328 544 fuisse,
344 471 421 554 quin
445 492 484 532 ex
505 471 641 555 pondere
665 469 724 533 hoc
748 468 926 554 Collegium
950 469 1021 552 plus
1045 469 1152 534 debito
1174 472 1281 540 adhuc

126 562 292 641 gravatum
310 567 341 619 et
359 578 501 640 pressum
525 557 654 632 existat3
677 577 734 618 nos
757 555 864 641 igitur,
887 564 923 616 ut
947 554 1020 620 huic
1043 556 1129 619 malo
1152 559 1280 623 tandem

126 643 301 705 remedium
316 643 514 724 adhibeatur,
527 640 760 738 injungendum
775 641 933 714 duximus,
946 652 1037 724 prout
1049 664 1105 726 per
1118 657 1281 726 praesentes

126 725 319 815 injungimus
333 740 364 793 et
378 729 510 793 firmiter
521 728 709 815 injungendo
724 727 924 802 mandamus,
941 749 990 806 ne,
1005 728 1148 812 posthac,
1162 730 1280 814 aliquis

126 835 208 897 puer
233 814 282 878 vel
306 816 438 880 serviens
467 813 683 899 cujuscunque
710 813 792 878 Socii
819 824 874 876 aut
900 814 1048 877 scholaris
1074 815 1280 897 (Ductoribus

127 900 324 964 solummodo
347 903 498 987 exceptis)
520 924 540 963 a
555 922 744 985 quocunque
767 899 896 963 antehac
919 898 1079 964 admissus
1103 901 1281 967 1111111001-

125 983 137 1047 l
178 985 256 1057 ium,
272 999 343 1071 post
357 989 497 1072 primum
511 987 594 1052 diem
611 987 759 1052 Octobris
773 985 918 1071 proxime
932 986 1040 1059 futuri,
1053 988 1161 1071 quovis
1176 984 1279 1053 'colore

126 1008 177 1134 viai
197 1084 349 1173 praetextu
372 1074 528 1137 nutriatur
554 1074 602 1136 vel
625 1083 821 1144 sustentetur,
845 1072 890 1135 vel
914 1071 1087 1157 quicquam
1111 1096 1128 1136 e
1151 1096 1279 1160 promp-

127 1167 233 1220 tuario
256 1159 302 1222 vel
329 1161 461 1244 coquina
487 1159 621 1245 recipiat
647 1159 696 1222 vel
723 1158 848 1238 habeat,
874 1181 932 1258 pro
962 1157 1182 1224 sustentatione
1210 1185 1278 1228 sua.

126 1243 287 1308 Addentes
308 1258 339 1309 et
361 1247 566 1332 injungentes,
590 1245 731 1331 insuper,
750 1245 833 1329 quod
857 1266 886 1307 s1
908 1245 1076 1328 quisquam
1102 1246 1278 1326 Sociorum,

126 1329 321 1395 scholarium
350 1345 405 1396 aut
433 1332 644 1413 servientium,
670 1331 748 1395 dicti
773 1329 919 1416 Collegii,
945 1330 1083 1415 aliquem
1108 1354 1279 1415 puerorum

128 1414 175 1478 vel
189 1418 357 1498 famulum,
379 1418 517 1482 aliumve
539 1441 765 1503 quemcunque,
784 1417 911 1491 nutriat,
927 1415 992 1479 alat
1006 1417 1054 1480 vel
1068 1428 1231 1500 sustentet,
1246 1420 1279 1484 in

126 1502 211 1565 dicto
234 1503 384 1588 Collegio,
407 1515 478 1589 post
500 1504 622 1570 dictum
646 1504 788 1588 primum
814 1503 898 1566 diem
920 1503 1075 1583 Octobris,
1099 1505 1186 1588 quod
1208 1520 1279 1569 tunc

126 1587 212 1651 idem
236 1588 348 1652 Socius
372 1591 423 1653 vel
445 1590 592 1654 scholaris
617 1589 662 1653 sio
689 1590 837 1661 nutriens,
861 1588 948 1652 alens
973 1591 1021 1653 vel
1049 1600 1237 1670 sustentans,
1260 1616 1280 1654 a

126 1675 319 1739 communiis
334 1677 398 1739 suis
412 1700 468 1762 per
481 1699 622 1740 mensem
637 1699 656 1739 a
670 1689 808 1759 tempore
823 1697 887 1759 quo
898 1689 966 1758 post
978 1675 1120 1760 primum
1132 1676 1281 1741 Octobris

126 1758 213 1822 diem
227 1784 420 1846 quemquam
436 1776 545 1826 contra
566 1764 699 1827 formam
717 1758 811 1843 hujus
832 1761 1037 1846 injunctionis
1060 1763 1213 1842 nutrierit,
1228 1764 1280 1828 vel

127 1845 241 1909 aluerit
256 1848 304 1910 vel
319 1850 544 1927 sustentaverit,
559 1851 678 1912 carebit
697 1849 766 1933 ipso
782 1848 864 1911 facto
873 1870 883 1924 3
904 1848 1061 1932 quodque,
1075 1848 1102 1910 si
1117 1869 1174 1910 nec
1190 1851 1235 1912 sic
1249 1873 1281 1913 se

126 1933 300 2015 correxerit,
316 1946 383 1998 tarn
398 1935 589 2000 communiis
612 1958 708 2019 quam
730 1932 805 1998 aliis
826 1933 1045 1999 emolumentis
1061 1933 1201 2021 Collegii
1215 1936 1281 2019 pri·

127 2029 219 2082 vatus
234 2021 301 2100 erit,
316 2021 413 2086 donec
436 2045 508 2085 cum
530 2022 644 2086 effectu
664 2045 698 2085 se
719 2021 760 2084 ad
783 2020 864 2084 hanc
886 2020 1109 2105 injunctionem
1131 2022 1280 2085 reforma·

127 2104 214 2169 verit.
258 2105 305 2170 Et
328 2118 364 2171 ut
387 2107 632 2172 contraveniendi
660 2106 710 2170 vel
739 2106 970 2170 contradicendi
998 2107 1122 2171 occasio
1147 2108 1281 2191 posthac

126 2190 273 2254 omnibus
291 2206 323 2254 et
337 2192 473 2277 singulis
497 2193 603 2257 Sociis
626 2203 656 2256 et
681 2192 878 2256 scholaribus
901 2192 1118 2278 praecipiatur,
1133 2192 1281 2258 volumus

126 2285 157 2339 et
171 2278 358 2342 mandamus
373 2286 420 2356 ut,
437 2301 458 2341 a
471 2278 576 2363 primo
590 2277 739 2342 Octobris
752 2278 896 2362 proxime
910 2279 1023 2357 futuro,
1039 2277 1133 2363 pueri
1149 2279 1202 2342 illi
1222 2280 1281 2364 qui

127 2361 268 2448 Collegii
284 2363 466 2447 sumptibus
486 2366 613 2428 aluntur
631 2375 662 2427 et
679 2363 889 2427 choristarum
913 2363 1040 2427 nomine
1062 2376 1234 2440 censentur,
1249 2376 1280 2430 et

128 2447 233 2512 Sociis
245 2460 275 2511 et
286 2449 481 2514 scholaribus
492 2450 626 2514 antehac
642 2450 675 2512 in
689 2449 804 2512 mensis
815 2449 1071 2529 ministraverint,
1084 2449 1150 2513 illis
1164 2461 1280 2516 extunc

127 2532 162 2596 in
177 2535 310 2599 cameris
327 2547 357 2599 et
377 2559 451 2599 cum
475 2538 516 2607 ad
536 2536 662 2600 scholas
684 2534 807 2616 iverint,
822 2536 996 2598 secundum
1014 2535 1235 2602 discretionem
1250 2550 1282 2602 et

125 2619 375 2707 assignationem
406 2622 556 2686 Custodis
584 2645 640 2707 per
669 2644 809 2685 cameras
837 2621 1021 2702 faciendam,
1046 2621 1202 2702 serviant;
1231 2624 1280 2688 in·

127 2707 229 2790 deque
251 2707 340 2793 ipsos
361 2709 481 2786 Socios,
500 2710 616 2794 quibus
635 2730 692 2792 per
715 2730 853 2771 cameras
875 2709 922 2771 sic
943 2708 1155 2793 disponentur,
1171 2733 1280 2775 curam

126 2794 304 2874 eorundem,
317 2807 382 2858 tam
393 2796 499 2880 quoad
511 2795 609 2861 moris
624 2818 720 2879 quam
735 2793 876 2858 scientiae
891 2817 1105 2882 progressum,
1116 2795 1281 2862 habituros

127 2879 327 2947 confidimus.

171 2965 223 3030 21.
247 2965 339 3047 Item,
356 2967 553 3053 praecipimus
572 2977 602 3030 et
621 2967 752 3030 firmiter
773 2965 968 3051 injungendo
990 2967 1175 3032 mandamus
1196 2971 1281 3054 quod

128 3051 218 3115 Socii
239 3051 320 3116 dicti
344 3053 498 3139 collegii,
520 3052 578 3138 qui
599 3054 732 3137 posthac
754 3052 888 3116 admissi
910 3053 1023 3116 luerint
1045 3053 1081 3115 in
1105 3055 1282 3120 Advocatos

128 3136 178 3200 vel
200 3138 422 3204 Pnocuratores
449 3139 555 3205 Curiae
584 3141 624 3202 de
648 3139 805 3218 Arcubus,
831 3138 882 3202 vel
907 3138 1037 3204 alterius
1067 3137 1281 3226 cujuscunque

126 3223 327 3304 Consistorii,
344 3226 409 3288 nisi
422 3225 502 3288 infra
518 3224 765 3290 Universitatem
783 3225 918 3302 Oxonii,
937 3238 968 3288 et
986 3224 1110 3288 ibidem
1128 3248 1185 3308 per
1202 3229 1281 3292 duos

126 3331 225 3371 annos
255 3310 397 3374 continue
425 3310 473 3374 vel
503 3309 628 3373 vicibus
656 3309 854 3394 interpolatis
884 3311 1079 3374 discontinue
1106 3327 1281 3378 exercentes

127 3395 279 3474 steterint,
302 3395 351 3458 vel
376 3395 642 3460 Cancellariatum
665 3407 719 3457 aut
743 3394 994 3468 Officialitatum,
1023 3396 1279 3461 commissariat-

127 3503 233 3552 umve,
248 3481 289 3542 ad
303 3481 374 3544 vitae
390 3482 570 3561 terminum,
586 3481 643 3543 sub
659 3480 765 3564 aliquo
781 3481 939 3566 Episcopo
960 3502 1138 3563 perunum
1160 3505 1278 3548 annum

127 3567 313 3632 obtinuerint
337 3570 503 3651 (tanquam
526 3566 567 3629 ab
583 3566 654 3663 ipso
669 3565 811 3652 Collegio
832 3568 935 3629 animo
955 3567 1114 3630 deserendi
1134 3569 1279 3634 studium

126 3651 334 3740 recesserint),
356 3676 419 3736 quo
443 3652 517 3715 aliis
542 3653 577 3715 in
597 3675 666 3734 jure
688 3653 812 3716 studere
833 3652 1010 3717 volentibus
1034 3653 1140 3717 aditus
1163 3667 1279 3739 pateat,

123 3736 196 3822 jure
211 3737 375 3802 Societatis
396 3739 521 3802 cessisse
545 3737 779 3824 intelligentur3
801 3761 970 3823 eorumque
993 3739 1073 3818 loca,
1096 3741 1138 3804 ad
1157 3764 1279 3805 omnem

127 3824 276 3888 effectum
291 3848 329 3888 ac
344 3826 373 3888 si
383 3825 448 3910 ipsi
462 3835 571 3910 sponte
588 3823 808 3909 resignassent‚
821 3839 877 3888 aut
891 3825 1010 3888 mortui
1024 3825 1166 3906 luissent,
1177 3850 1280 3891 vacua

126 3912 362 3995 reputabuntur.
407 3911 473 3976 His
489 3933 560 3974 vero
576 3910 690 3992 Sociis,
711 3910 769 3995 qui
788 3909 857 3993 jam
880 3910 1012 3974 admissi
1033 3923 1104 3975 sunt
1120 3912 1155 3974 in
1170 3912 1281 3978 Advo-

128 4011 215 4061 catos
229 4009 260 4060 et
278 3997 495 4061 Procuratores
514 3996 619 4061 Curiae
633 3996 673 4059 de
688 3996 845 4077 Arcubus,
865 3996 1089 4082 permittimus,
1110 3999 1194 4082 quod
1217 4000 1280 4086 ipsi

126 4094 308 4150 remaneant
336 4083 424 4148 Socii
452 4106 552 4168 usque
580 4083 621 4146 ad
650 4081 839 4146 vicesimum
869 4083 956 4146 diem
989 4083 1106 4146 mensis
1132 4084 1280 4150 Octobris

127 4169 271 4253 proxime
292 4182 363 4254 post
378 4171 494 4234 harum
517 4168 751 4253 injunctionum
774 4168 1064 4256 promulgationem
1085 4176 1279 4254 sequentem,

127 4267 158 4319 et
171 4277 232 4318 non
247 4256 389 4324 ulterius.

171 4341 223 4404 Ol.
249 4340 340 4423 Item,
355 4343 534 4408 ordinamus
553 4353 585 4406 et
599 4341 747 4406 volumus
767 4344 853 4444 quod
876 4363 985 4426 omnes
1008 4340 1178 4406 servientes
1199 4342 1279 4408 col-

127 4426 205 4514 legii
226 4428 360 4511 posthac
383 4429 567 4495 ministeriis
589 4428 757 4516 diligenter
779 4453 815 4494 1n
837 4428 977 4517 personis
1002 4429 1079 4510 suis,
1094 4438 1125 4492 et
1139 4451 1202 4493 non
1222 4452 1281 4517 per
1308 4470 1420 4576 Δ
