3014 4898
310 469 313 474 '
377 449 513 526 Stotutes
528 463 566 543 <ff
574 459 634 524 All
649 458 741 526 Souls
760 457 886 544 Collega,
908 457 1037 544 Oaford.
1247 461 1289 528 57

139 629 231 691 etiam
243 628 318 712 jura
333 628 470 712 ejusdem
486 653 687 716 quaecunque,
703 630 788 693 nullo
804 651 940 714 unquam
956 641 1097 714 tempore
1112 630 1144 692 in
1162 632 1288 695 feodum

138 716 187 775 vel
202 718 243 778 ad
259 718 423 779 terminum
436 719 505 780 vitae
521 717 686 780 alienentur
700 740 754 780 seu
769 718 957 794 vendantur3
981 738 1037 778 nec
1053 718 1189 780 maneria
1203 719 1289 782 ultra

48 833 55 847 ·
137 799 244 885 viginti
270 824 375 882 annos,
399 826 455 866 seu
481 803 622 868 ecclesiae
646 805 858 887 appropriatae
883 802 967 864 ultra
989 803 1155 866 terminum
1178 805 1288 867 decem

136 907 297 967 annorum,
313 891 353 950 ad
379 889 502 951 firmam
526 911 582 951 nec
606 889 668 951 alio
694 889 785 951 modo
810 888 900 950 alicui
928 889 1088 950 tradantur
1113 911 1167 952 seu
1191 891 1287 952 etiam

135 969 338 1038 dimittantur.
385 974 611 1054 Permittimus,
633 985 746 1047 tamen,
762 975 845 1058 quod
872 984 962 1044 terra,
993 985 1176 1046 tenementa,
1205 986 1494 1039 mes-Lenonoslands

135 1061 244 1140 suagia
260 1073 290 1122 et
304 1072 418 1122 tenurae
438 1083 637 1145 quaecunque,
662 1083 735 1122 cum
758 1082 866 1121 eorum
890 1060 1088 1143 pertinentiis,
1113 1083 1182 1144 quae
1205 1064 1288 1126 sole-

135 1142 208 1206 bant
222 1146 318 1207 teneri
333 1169 353 1208 a
371 1149 554 1220 tenentibus,
579 1147 701 1208 tamin
726 1146 900 1208 civitatibus
924 1159 954 1207 et
980 1148 1010 1206 in
1032 1145 1112 1208 villis
1138 1170 1234 1230 quam
1258 1151 1287 1211 in

134 1231 283 1293 maneriis
299 1235 362 1293 suis
379 1232 428 1294 vel
443 1234 579 1296 ecclesiis
596 1233 640 1294 eis
656 1233 883 1316 appropriatis,
906 1245 937 1292 et
961 1231 1030 1293 aliis
1052 1231 1131 1295 locis
1154 1235 1284 1317 quibus-

132 1337 266 1399 cunque,
289 1318 331 1379 ad
354 1318 539 1401 praedictum
563 1318 741 1404 Collegium
765 1317 1016 1401 qualitercunque
1038 1320 1212 1401 spectantia
1228 1344 1286 1383 seu

133 1405 326 1483 pertinentia,
344 1417 374 1465 et
390 1427 460 1487 quae
476 1406 515 1466 ad
526 1427 640 1467 manus
651 1404 873 1489 praedictorum
890 1402 1042 1466 Custodis
1058 1414 1086 1466 et
1099 1406 1288 1469 scholarium

131 1509 189 1569 per
203 1503 359 1551 escaetam
374 1490 423 1552 vel
438 1512 494 1573 per
510 1491 666 1553 desectum
682 1491 844 1552 haeredum
868 1512 922 1551 seu
941 1491 1122 1562 tenentium,
1147 1514 1201 1553 seu
1219 1493 1284 1556 alio

131 1573 350 1656 quovismodo,
366 1576 556 1654 devenerint,
573 1577 698 1639 concedi
712 1599 767 1638 seu
784 1576 864 1639 tradi
879 1588 1022 1658 poterunt
1038 1578 1078 1639 ad
1102 1577 1228 1639 firmam
1243 1579 1285 1640 ad

130 1660 298 1722 terminum
309 1682 467 1728 annorum,
480 1685 537 1744 per
549 1662 665 1724 rotulos
678 1663 843 1732 curiarum,
852 1665 946 1746 juxta
959 1664 1208 1726 consuetudinem
1219 1687 1286 1725 ma·

131 1747 287 1807 aeriorum
303 1748 335 1808 in
349 1769 386 1808 ea
402 1763 491 1831 parte
504 1749 672 1832 antiquitus
690 1749 849 1824 usitatam,
865 1747 915 1809 vel
930 1770 986 1829 per
1005 1748 1187 1811 indenturas
1208 1751 1286 1813 inter

130 1830 216 1913 ipsos
227 1831 400 1894 Custodem
412 1847 442 1896 et
454 1832 621 1908 scholares,
638 1857 677 1896 ex
689 1845 777 1916 parte
789 1855 863 1911 una,
879 1845 909 1894 et
922 1833 1122 1916 recipientem
1139 1857 1190 1896 seu
1208 1837 1286 1898 reci·

129 1917 250 1999 pientes
260 1919 381 1989 eadem,
394 1941 434 1982 ex
449 1929 536 2003 parte
546 1921 652 1998 altera,
665 1918 771 2004 sigillo
787 1919 946 1981 communi
961 1920 1038 1981 dicti
1048 1919 1183 2004 Collegii
1198 1921 1283 2007 sigil-

129 2003 222 2080 latas,
240 2005 459 2068 conficiendas.
499 2005 560 2079 lta,
577 2017 693 2084 tamen,
712 2006 795 2089 quod
811 2004 1038 2091 quinquaginta
1052 2005 1100 2068 vel
1121 2009 1284 2093 sexaginta

129 2110 229 2151 annos
245 2091 402 2153 concessio
411 2115 465 2153 seu
483 2093 605 2154 traditio
616 2090 798 2174 hujusmodi
808 2112 866 2153 non
877 2092 1006 2153 excedat
1015 2092 1236 2175 quovismod03
1252 2105 1283 2156 et

128 2176 213 2256 quod
230 2187 365 2239 tenentes
378 2176 558 2259 hujusmodi
571 2191 679 2256 terras,
689 2179 869 2261 messuagia
884 2189 912 2239 et
929 2189 1068 2256 tenuras,
1078 2202 1131 2241 seu
1145 2180 1283 2264 aliquam

126 2273 251 2344 partem
262 2261 311 2324 vel
322 2262 497 2346 parcellam
510 2264 691 2343 eorundem,
702 2286 767 2326 non
777 2263 924 2342 alienent,
934 2286 992 2325 nec
1004 2265 1176 2328 terminum
1185 2267 1220 2326 in
1234 2267 1281 2331 eis

127 2347 175 2409 sic
190 2370 374 2410 concessum
389 2349 464 2411 aliis
482 2351 627 2433 personis
643 2351 881 2434 quibuscunque
898 2349 1080 2429 concedant,
1106 2373 1160 2414 seu
1176 2352 1279 2434 quali-

125 2443 296 2516 tercunque
320 2435 455 2511 tradant,
478 2436 548 2497 sine
563 2437 696 2498 licentia
711 2435 846 2518 speciali
860 2444 891 2496 et
905 2457 1061 2498 consensu
1077 2437 1228 2499 Custodis
1250 2448 1281 2500 et

126 2518 320 2581 scholarium
351 2520 587 2602 praedictorum.
630 2521 820 2598 Statuentes‚
849 2532 1008 2604 praeterea,
1036 2523 1121 2605 quod
1152 2522 1277 2603 Custos,
1290 2545 1480 2611 Orantingpen-

105 2618 106 2621 ’
125 2603 214 2666 Socii
230 2617 260 2667 et
272 2604 443 2684 scholares,
459 2606 540 2668 dicti
558 2606 709 2691 Collegii,
724 2606 892 2689 pensiones
907 2628 1039 2677 annuas,
1054 2607 1102 2670 vel
1117 2610 1277 2673 cantarias
1288 2611 1351 2687 ⁸5⁰¹3⁸
1362 2613 1409 2659 and
1419 2629 1471 2662 0⁰¹·

124 2703 304 2773 perpetuas,
329 2703 384 2754 aut
408 2692 552 2755 corrodia
578 2693 696 2777 aliqua,
721 2691 812 2753 nullo
834 2692 928 2754 modo
954 2694 1136 2772 concedant,
1160 2716 1218 2756 nec
1237 2697 1279 2759 ad
1288 2677 1374 2725 rodas.

125 2777 234 2859 aliqua
258 2799 362 2848 onera,
388 2778 570 2860 spiritualia
592 2781 640 2841 vel
664 2777 863 2861 temporalia,
887 2777 1011 2840 dictum
1028 2778 1220 2865 Collegium,
1241 2782 1277 2846 in

124 2876 315 2946 perpetuum
339 2863 389 2927 vel
416 2864 501 2926 ultra
528 2865 699 2927 terminum
724 2863 937 2950 quadraginta
958 2887 1125 2940 annorum,
1137 2866 1278 2953 obligent

91 2957 95 2964 ’
124 2949 331 3030 quovismodo
340 2974 349 3028 3
365 2949 430 3011 nisi
445 2972 503 3033 pro
519 2951 708 3036 hujusmodi
722 2973 813 3013 onere
829 2952 1055 3034 supportanda,
1070 2951 1277 3036 ipsorumque

123 3035 330 3098 indemnitate
354 3047 384 3098 et
410 3037 574 3116 interesse,
598 3039 633 3099 in
655 3059 692 3099 ea
711 3048 802 3120 parte
817 3036 956 3120 duplum
971 3038 1007 3099 in
1021 3039 1277 3121 possessionibus

123 3121 174 3183 vel
188 3122 368 3184 redditibus
384 3122 419 3184 in
438 3136 628 3207 perpetuum
650 3123 825 3194 habuerint,
846 3125 888 3185 ad
911 3124 1112 3188 commodum
1135 3135 1165 3187 et
1186 3125 1277 3187 utili·

122 3217 220 3270 tatem
246 3207 387 3294 Collegii
412 3211 610 3292 supradicti:
635 3209 722 3293 quod
748 3210 845 3271 etiam
870 3224 947 3271 tunc
974 3209 1063 3274 nullo
1088 3212 1182 3274 modo
1205 3211 1276 3275 fieri

121 3294 266 3358 volumus
282 3317 338 3377 per
353 3295 489 3374 eosdem,
505 3296 570 3358 nisi
585 3296 626 3358 ad
649 3296 684 3356 id
704 3295 875 3357 auctoritas
898 3306 929 3358 et
954 3318 1125 3359 consensus
1151 3320 1276 3360 succes·

121 3379 203 3442 soris
227 3381 337 3458 nostri,
362 3379 602 3444 Cantuariensis
626 3379 876 3464 Archiepiscopi
896 3380 1124 3464 cujuscunque,
1145 3383 1201 3464 qui
1217 3405 1275 3466 pro

121 3477 262 3549 tempore
280 3465 383 3540 fuerit,
400 3468 579 3543 accesserit,
595 3467 631 3527 in
645 3488 681 3526 ea
698 3481 788 3548 parte
803 3467 1016 3550 spiritualiter
1029 3467 1186 3551 requisiti.

120 3668 200 3756 Cap.
217 3667 421 3748 28.—Quod,
447 3672 480 3732 in
503 3669 668 3750 majoribus
695 3669 822 3754 Colleqr’i
845 3672 979 3754 repotiis,
1008 3671 1115 3736 Cauros
1136 3676 1273 3758 requirat

517 3775 686 3818 cuneorum
702 3756 870 3824 Sociorum.

161 3895 253 3973 Item,
276 3894 461 3965 statuimus,
485 3892 669 3956 ordinamus
685 3905 716 3957 et
739 3893 895 3974 volumus,
919 3895 1014 3977 quod,
1037 3894 1072 3956 in
1095 3894 1269 3977 majoribus
1280 3909 1381 3959 Fellows
1391 3911 1454 3960 robe

118 3981 224 4064 ipsius
249 3979 388 4066 Collegii
416 3978 565 4064 negotiis
595 3979 756 4059 videlicet,
779 3981 814 4042 in
844 3980 1072 4043 traditionibus
1096 3982 1266 4059 firmarum,
1280 3975 1443 4023 consultatio

117 4067 344 4130 beneficiorum
381 4066 670 4130 ecclesiasticorum
699 4076 730 4127 et
759 4067 982 4139 maneriorum,
1019 4041 1437 4168 praesentationi-ffissoffissssa·

118 4154 241 4237 busque
268 4154 310 4216 ad
336 4151 499 4223 beneficia,
526 4174 662 4234 quorum
686 4153 910 4215 advocationes
932 4152 981 4215 vel
1004 4151 1058 4235 jus
1085 4165 1269 4236 patronatus

117 4238 184 4323 ipsi
203 4239 273 4322 jam
297 4240 449 4302 obtinent
462 4239 498 4300 in
521 4249 720 4321 posterumve
739 4238 935 4312 obtinebunt,
955 4261 994 4300 ac
1008 4239 1044 4300 in
1059 4240 1177 4319 causis,
1193 4263 1269 4304 con·

118 4327 278 4389 troversiis
303 4326 497 4409 placitisque
513 4348 569 4388 seu
592 4325 717 4402 litibus,
742 4324 849 4408 ipsum
875 4323 1057 4410 Collegium
1079 4347 1267 4389 concemen·

117 4411 213 4484 tibus,
240 4413 466 4497 aggrediendis
490 4434 547 4475 seu
571 4409 777 4488 inchoandis,
800 4422 856 4472 aut.
877 4410 953 4473 aliis
969 4410 1195 4475 consimilibus
1210 4436 1268 4476 seu

63 4550 64 4553 ,
115 4496 290 4578 majoribus
306 4499 453 4585 negotiis,
468 4520 578 4561 omnes
589 4503 622 4560 et
633 4497 756 4578 singuli
770 4496 860 4559 Socii
874 4496 956 4559 dicti
967 4490 1116 4583 Collegii,
1127 4508 1268 4582 ternpore

115 4605 179 4664 quo
203 4581 387 4664 hujusmodi
411 4583 539 4668 negotia
561 4606 617 4668 pro
637 4582 777 4646 utilitate
801 4581 939 4669 Collegii
963 4583 1133 4646 imminent
1156 4586 1265 4668 dispo·

114 4670 230 4748 nenda,
241 4670 275 4730 in
286 4667 498 4733 Unirersitate
507 4681 686 4753 praesentes,
696 4669 735 4731 ad
746 4669 942 4733 vocationem
952 4681 983 4732 et
991 4670 1265 4753 praemunitionem
1296 4694 1300 4699 ·
