3014 4898
59 633 161 682 Absens·
171 631 199 680 ot

59 697 162 746 Wcrdm
172 712 204 745 on

85 763 146 811 'vate

103 827 169 875 ineu.

263 196 307 261 ‘28
512 192 648 262 Statuter
662 198 700 280 of
709 195 769 260 All
783 194 875 261 Souis
892 194 1019 279 Collepe,
1041 192 1170 278 Oafhrd.

266 369 319 432 Ad
335 370 529 454 quodetiam
539 370 666 434 Socium
681 368 852 456 quemlibet
868 369 943 433 dicti
961 367 1103 453 collegii,
1115 367 1236 452 quoties
1252 375 1282 428 et
1298 364 1436 449 quando

265 479 338 519 eum
362 458 392 518 iu
408 457 538 542 negotiis
565 456 705 542 ejusdcm
720 457 854 542 collegii
874 457 979 519 abesse
1001 455 1174 541 contigerit,
1192 453 1251 515 sub
1267 453 1435 536 praedictis

266 542 366 626 poenis
392 545 519 628 astringi
536 543 689 618 volumus,
705 544 764 605 sub
786 543 890 605 debito
907 544 1004 626 ipsius
1026 540 1168 626 Collegio
1192 540 1323 623 prastiti
1335 540 1434 621 jura·

267 632 371 692 menti.
420 629 455 692 Si
470 653 539 693 vero
554 629 652 691 dictus
667 630 779 693 Custos
804 629 836 690 in
852 629 914 690 suis
937 629 1066 713 negotiis
1091 627 1224 711 propriis
1250 626 1434 708 aliquando

268 717 360 779 luerit
375 715 494 788 absens,
511 728 581 778 tuuc
597 716 635 776 de
661 715 746 776 bonis
761 715 892 798 propriis
908 728 939 777 et
965 736 1026 776 non
1041 715 1181 798 expensis
1197 711 1336 798 Collegii
1354 734 1434 791 pro-

268 815 399 866 curetur.
443 803 585 888 Insuper,
600 802 623 862 si
642 801 754 863 Custos
769 823 905 883 praesens
930 803 962 863 in
980 800 1123 885 Collegio
1140 812 1302 862 extraneos
1318 820 1434 898 super-

59 914 249 964 &mimi
269 890 427 960 venientes,
452 909 509 972 pro
532 887 673 964 utilitate,
701 887 868 949 commodo
883 898 912 949 et
934 886 1058 964 honore,
1087 885 1230 970 Collegii,
1248 906 1431 948 necessario

59 979 86 1029 os
93 985 214 1042 mugen.

64 2452 176 2503 Election
186 2453 214 2501 ot

66 2517 230 2567 Vioenardeu.

69 3650 116 3702 llis
125 3651 212 3702 duties.

267 975 448 1048 invitaverit,
462 975 524 1037 sive
539 974 570 1034 in
586 973 722 1034 absentie
738 974 816 1056 ejus,
834 994 888 1056 per
902 972 1143 1036 Vicecustodem
1161 972 1260 1056 ipsius
1276 969 1430 1057 Collegii,

269 1062 308 1123 de
322 1059 450 1122 consilio
466 1060 686 1138 bursariornm,
702 1057 802 1141 aliqui
818 1060 858 1121 de
882 1060 1037 1122 extraneis
1051 1057 1231 1144 hujusmodi
1251 1057 1361 1119 luerint
1379 1058 1431 1120 in·

271 1147 364 1214 vitati,
396 1143 536 1207 volumus
566 1145 648 1229 quod
674 1146 716 1208 sic
742 1146 858 1207 invitati
883 1146 914 1207 in
940 1167 1058 1230 magua
1081 1143 1155 1208 aula
1177 1145 1252 1205 dicti
1276 1142 1430 1229 Collegii,

270 1231 438 1294 secundum
451 1231 588 1314 ipsorum
612 1242 739 1306 statum,
755 1231 858 1292 debite
874 1246 1086 1314 procurentur.
1133 1229 1174 1292 Et
1190 1252 1227 1291 ne
1246 1251 1431 1292 communae

271 1316 421 1381 Custodis
451 1328 506 1378 aut
535 1317 694 1380 Sociorum
724 1339 779 1400 per
802 1316 882 1379 tales
905 1318 1049 1379 invitatos
1072 1317 1164 1379 nimis
1187 1316 1430 1389 deteriorentur,

269 1402 411 1465 volumus
426 1404 519 1487 quod,
535 1425 591 1487 pro
618 1401 756 1485 qualibet
783 1424 915 1485 persona
937 1416 1085 1466 extranea
1109 1404 1244 1477 invitata,
1258 1403 1289 1463 in
1316 1423 1429 1466 mensa

272 1487 417 1551 Custodia
441 1489 577 1566 sedente,
595 1488 724 1575 singulis
736 1489 851 1551 vicibus
868 1512 922 1552 sex
937 1489 1052 1552 denarii
1067 1514 1075 1563 ;
1099 1491 1207 1552 sivero
1230 1487 1303 1550 talis
1318 1496 1428 1550 extra·

270 1596 345 1637 neus
373 1576 405 1637 iu
435 1597 543 1638 mensa
570 1573 730 1640 Sociorum
752 1576 877 1648 sederit,
901 1593 962 1638 tres
989 1575 1105 1638 denarii
1118 1602 1128 1655 ;
1151 1577 1182 1637 iu
1212 1596 1321 1637 mensa
1352 1596 1429 1639 vero

270 1659 458 1724 famulorum
474 1664 500 1724 si
515 1662 634 1734 sederit,
650 1673 716 1724 tunc
731 1660 793 1722 duo
808 1662 935 1734 denarii,
946 1683 1002 1745 pro
1016 1662 1156 1746 qualibet
1167 1658 1234 1743 ejus
1251 1661 1427 1732 relectione,

271 1746 310 1809 de
325 1747 411 1811 bonis
428 1747 646 1812 communibus
661 1745 883 1832 persolvantur.

425 1957 505 2042 Cap.
521 1957 649 2022 5.-De
673 1959 869 2037 Woerustode,
885 1962 950 2042 ejus
963 1959 1101 2025 electione
1114 1969 1142 2024 et
1156 1960 1261 2046 efficio.

317 2090 411 2169 Item,
427 2113 509 2168 cum,
523 2102 648 2177 propter
670 2091 844 2156 absentiam
860 2093 938 2156 dicti
965 2093 1121 2166 Custodis,
1138 2117 1232 2180 quem
1249 2093 1429 2176 frequenter

273 2192 400 2265 propter
421 2179 544 2243 diversa
558 2179 631 2242 dicti
647 2178 781 2265 Collegii
797 2182 924 2266 negotia
947 2181 1051 2243 abesse
1065 2182 1189 2244 forsitan
1212 2179 1372 2265 oportebit,
1387 2201 1428 2242 ac

275 2277 404 2352 propter
429 2265 506 2328 alias
521 2267 734 2351 occupationes
757 2290 831 2330 suas
846 2267 1047 2354 multiplices,
1065 2269 1147 2331 idem
1163 2267 1275 2331 Custos
1301 2265 1428 2352 singula

275 2377 346 2440 quae
369 2352 411 2415 ad
424 2352 559 2416 officium
582 2375 672 2417 suum
700 2354 855 2437 pertinent
872 2355 1066 2439 supervidere
1089 2376 1149 2418 uon
1165 2355 1296 2438 poterit;
1320 2353 1428 2414 statui-

276 2462 347 2504 mus
362 2439 457 2522 quod,
470 2440 502 2502 iu
528 2451 650 2524 purtem
674 2441 876 2504 solicitudinis
902 2464 965 2504 suae
980 2452 1011 2504 et
1034 2441 1066 2502 iu
1080 2441 1272 2522 adjutorium
1288 2438 1428 2501 melioris

275 2527 435 2610 regiminis
461 2524 537 2587 dicti
562 2525 698 2607 collegii
728 2538 758 2588 et
784 2549 989 2608 personarum
1018 2525 1166 2604 ejusdem,
1191 2537 1222 2583 et
1252 2525 1427 2603 praesertim

276 2609 382 2693 quoad
409 2609 647 2692 supervisionem
678 2610 882 2671 observantiae
911 2609 1142 2670 ordinationum
1172 2616 1202 2665 et
1234 2614 1427 2670 statutorum

277 2697 350 2758 dicti
373 2692 521 2776 Collegit,
536 2692 640 2774 quoad
656 2693 778 2776 regulas
800 2705 831 2755 et
851 2693 1060 2754 observantias
1083 2691 1223 2772 ipsorum
1238 2689 1427 2756 scholarium

276 2793 307 2844 et
323 2779 494 2849 Sociorum,
510 2778 579 2841 ritae
594 2800 632 2840 ac
646 2777 821 2862 disciplinae
838 2777 1030 2840 scholasticae
1041 2776 1210 2847 directivas‚
1227 2776 1337 2838 melius
1353 2800 1428 2840 con-

277 2865 451 2943 servandas,
480 2865 512 2926 iu
535 2862 680 2952 Collegio
702 2863 865 2948 praedicto,
888 2864 945 2925 sub
968 2863 1049 2925 dicto
1073 2863 1227 2942 Custode,
1244 2863 1281 2925 sit
1305 2886 1428 2948 semper

278 2974 359 3014 unus
381 2949 422 3012 de
444 2950 673 3015 discretioribus
702 2961 733 3014 et
756 2950 980 3013 maturioribus
1006 2949 1116 3027 Sociis,
1140 2952 1368 3013 conversatione
1392 2974 1431 3016 ao

278 3038 416 3100 moribus
432 3036 632 3121 approbatus,
649 3059 744 3120 quem
769 3037 832 3120 ipse
848 3034 963 3101 Custos
978 3037 1141 3120 praedictus
1167 3059 1204 3100 ac
1220 3037 1327 3099 decem
1343 3037 1428 3101 Socii

279 3125 414 3188 seniores
442 3123 540 3207 ipsius
570 3122 712 3207 Collegii,
744 3144 879 3206 quorum
906 3122 1041 3207 quinque
1069 3125 1182 3184 artistae
1211 3124 1262 3185 alii
1291 3124 1428 3208 quinque

274 3210 405 3294 juristae,
422 3210 554 3273 seniores
569 3210 698 3274 indicto
721 3222 823 3272 nostro
840 3206 996 3294 Collegio,
1017 3210 1160 3280 existant,
1178 3210 1344 3294 elegeriut3
1370 3211 1428 3293 qui

280 3297 523 3362 Vicecustodem
553 3295 692 3359 volumus
719 3296 899 3379 nuncupari.
948 3296 986 3358 Et
1014 3298 1039 3358 si
1065 3296 1178 3359 Custos
1205 3297 1371 3381 praedictus
1398 3310 1429 3359 et

280 3382 405 3468 praefati
433 3383 541 3445 decem
566 3383 701 3445 seniores
728 3383 759 3444 in
783 3405 879 3444 unam
904 3404 1062 3466 personam
1086 3385 1253 3446 consentire
1268 3383 1428 3458 noluerint,

281 3469 481 3534 nihilominus
504 3489 560 3552 pro
585 3469 789 3532 Vicecustode
812 3468 964 3531 habeatur
989 3470 1045 3531 ille
1062 3470 1115 3551 qui
1138 3469 1250 3532 Custos
1272 3484 1301 3530 et
1328 3467 1428 3550 major

281 3578 355 3641 pars
380 3557 518 3638 ipsorum
533 3556 652 3632 decem,
666 3557 754 3638 cujus
778 3552 907 3636 majoris
930 3556 1029 3639 partis
1052 3567 1114 3618 tres
1136 3554 1259 3637 juristae
1282 3557 1427 3634 existant,

282 3642 432 3729 elegerint
447 3642 480 3704 in
495 3641 553 3703 hoc
568 3663 652 3706 casu.
697 3640 762 3713 Qui
778 3641 961 3705 Vicecustos
985 3644 1015 3704 in
1031 3643 1111 3704 dicto
1128 3642 1275 3727 Collegio
1290 3653 1429 3704 teneatur

283 3729 430 3791 continue
453 3727 596 3799 residere,
626 3749 744 3789 necnon
771 3728 801 3790 in
827 3728 901 3789 aula
924 3729 1001 3792 inter
1033 3729 1143 3792 Socios
1172 3729 1338 3810 prandere,
1368 3727 1429 3790 uisi

283 3814 393 3886 lorsan,
410 3835 448 3874 ex
464 3835 577 3898 magna
600 3824 630 3876 et
645 3814 762 3898 urgenti
781 3835 887 3891 causa,
901 3814 942 3876 ad
957 3814 1037 3877 dicti
1052 3815 1192 3898 Collegii
1214 3816 1341 3899 negotia
1354 3836 1429 3877 eum

283 3897 464 3975 transmitti,
480 3898 528 3961 vel
553 3899 632 3961 alias
657 3923 695 3961 ex
712 3921 805 3961 causa
829 3901 1013 3965 rationabili
1028 3913 1058 3963 et
1082 3902 1267 3974 necessaria,
1282 3924 1335 3985 per
1350 3901 1430 3964 cus-

285 3988 402 4064 todem,
417 3984 563 4047 Decanos
578 3995 607 4047 et
623 3985 794 4064 bursarioS,
817 3988 1028 4073 approbanda,
1043 4010 1116 4049 eum
1131 3987 1241 4049 abesse
1256 3989 1429 4070 contingat.

283 4070 346 4146 Qui
362 4071 552 4142 Vicecustos,
567 4071 706 4156 insuper,
724 4073 805 4134 circa
819 4095 927 4137 curam
944 4087 975 4135 et
992 4072 1129 4156 regimen
1144 4073 1385 4134 conversationis
1398 4084 1431 4136 et

284 4179 407 4219 morum
438 4157 626 4222 scholarium
655 4169 686 4221 et
716 4158 878 4222 Sociorum
908 4160 1006 4242 ipsius
1032 4156 1178 4240 Collegii.
1208 4178 1245 4218 ac
1271 4160 1431 4241 profectus

285 4242 388 4305 studii
404 4243 580 4306 scholastici
603 4244 780 4316 eorundem,
797 4265 912 4308 necnon
930 4244 1143 4305 ministrorum
1167 4242 1198 4304 in
1216 4242 1336 4326 capella
1352 4243 1430 4328 ejus·

284 4330 356 4392 dem
379 4327 530 4415 collegii,
545 4330 579 4392 in
605 4330 717 4393 divinis
743 4331 916 4395 ministrare
935 4329 1122 4398 debentium,
1146 4329 1431 4416 officiariorumque

283 4427 313 4479 et
328 4415 541 4480 ministrorum
557 4417 590 4479 in
606 4417 714 4480 eodem
724 4417 866 4502 Collegio
874 4416 1110 4479 deservientium
1126 4426 1156 4478 et
1167 4416 1428 4493 ministrantium,
