3014 4898
371 411 507 482 Stotuter
522 412 630 500 ofAll
643 413 736 479 Souis
754 411 880 496 Colleqe
902 412 1029 497 Orford.
1238 412 1277 474 ul

129 580 305 648 liberalium
321 587 401 651 effici
424 587 612 658 desertores;
636 608 691 649 nos
710 584 849 671 proinde,
873 583 1095 668 compassionis
1116 582 1222 649 oculos
1236 589 1277 650 ad
1290 592 1361 642 otest
1373 593 1422 642 and

128 669 301 735 Custodem
317 688 346 735 et
363 673 469 738 Socios
492 674 566 737 tlicti
582 672 715 758 Collegii
735 670 906 755 specialiter
924 681 1140 750 convertentes,
1156 684 1275 736 centum
1288 660 1325 708 ‘⁰¹
1335 659 1409 711 ¹⁰⁸³*

127 755 256 842 triginta
271 772 333 822 tres
348 759 451 838 librae,
469 783 521 824 sex
536 759 651 823 solidos
674 771 704 821 et
724 772 796 820 octo
813 757 967 834 denarios
993 757 1215 843 sterlingorum,
1234 761 1275 821 atl
1306 823 1308 828 ,

127 865 215 906 usum
230 845 421 930 singularem
437 847 582 930 ipsorum,
599 847 638 909 de
652 845 739 908 bonis
755 843 840 908 nobis
858 866 878 906 a
895 843 966 907 Deo
981 842 1111 922 collatis,
1127 842 1276 908 duximus
1304 848 1306 853 ’

127 932 335 1011 conferendas,
361 944 390 995 et
415 935 445 994 in
471 933 603 1018 quadam
631 932 708 996 cista
731 931 772 994 ad
793 930 850 992 hoc
869 930 1018 1015 deputata
1037 929 1171 993 securius
1184 951 1274 1016 repo-

128 1016 254 1080 nendas.
288 1018 378 1094 Quas
393 1019 510 1103 disponi
523 1027 555 1082 et
567 1019 738 1103 dispensari
745 1019 891 1080 volumus
904 1015 944 1079 ad
959 1039 1045 1078 usum
1062 1029 1093 1078 et
1108 1015 1274 1079 utilitatem

128 1098 274 1164 Custodis
290 1114 320 1164 et
335 1106 496 1167 Sociorum
516 1105 746 1190 praedictorum,
767 1102 825 1166 sub
843 1104 942 1164 forma
958 1101 1084 1164 inferius
1104 1110 1274 1166 annotata:

127 1187 275 1267 videlicet,
305 1191 389 1273 quod
414 1190 528 1255 Custos
551 1203 580 1254 et
608 1190 759 1254 Doctores
784 1189 861 1252 dicti
890 1187 1033 1274 Collegii,
1063 1189 1276 1272 cujuscunque

126 1273 239 1335 fuerint
269 1277 427 1354 facultatis,
457 1275 563 1340 decem
591 1277 738 1364 Magistri
768 1298 839 1338 vero
871 1277 986 1338 artium
1015 1287 1045 1336 et
1076 1274 1299 1344 baccalaurei,

127 1359 312 1423 facultatum
348 1361 433 1445 juris
475 1365 616 1428 canonici
654 1377 685 1425 et
723 1363 827 1426 civilis
866 1384 932 1436 sex,
972 1361 1168 1424 baccalaurei
1201 1383 1273 1424 vero

126 1447 238 1508 artium
263 1458 403 1530 quatuor,
422 1472 553 1529 marcas,
580 1449 727 1534 Sociique
749 1452 913 1531 utriusque
937 1447 1096 1510 facultatis
1120 1469 1179 1508 non
1204 1470 1273 1531 gra-

125 1531 215 1594 duuti
231 1534 444 1621 quadraginta
468 1536 589 1616 solidos
606 1548 637 1599 et
661 1558 722 1599 nou
749 1535 834 1598 ultra
859 1557 915 1618 pro
939 1534 1048 1596 eodem
1072 1544 1217 1618 tempore,
1233 1535 1272 1596 de

127 1619 274 1700 praedicta
311 1621 387 1682 cista
423 1634 575 1707 poterunt
604 1623 749 1685 mutuari.
810 1617 953 1684 Ulterius
990 1631 1155 1682 statuentes
1185 1621 1269 1703 quod
1285 1622 1426 1684 prayertsor

124 1703 255 1785 quilibet
278 1706 429 1789 recipiens
453 1706 492 1770 de
515 1709 644 1791 pecunia
666 1708 824 1791 praedicta,
843 1709 930 1772 toties
955 1708 1083 1788 quoties,
1108 1706 1193 1768 dicat
1214 1687 1428 1799 profa‘i'ffff‘fwl‘c'

125 1789 241 1852 salubri
258 1803 338 1853 statu
353 1804 463 1872 nostro,
480 1794 558 1856 dum
583 1793 731 1856 fuerimus
747 1795 776 1855 in
789 1793 946 1870 humanis,
960 1793 1164 1874 antiphonam
1179 1793 1269 1853 illam
1281 1816 1332 1864 sion
1344 1767 1428 1864 iiio„

124 1876 165 1936 tle
187 1877 341 1940 Trinitate
367 1879 510 1943 “Libera
536 1878 622 1960 nos,''
650 1893 719 1958 etc,
743 1901 816 1942 cum
840 1879 991 1941 versiculo
1014 1877 1332 1942 “Benedicamusiu-

124 1961 253 2024 Patrem
277 1977 308 2027 et
331 1965 480 2045 Filium,’'
502 1979 569 2046 etc,
584 1988 656 2028 cum
679 1968 811 2029 oratione
834 1964 1066 2050 “Omnipotens
1089 1964 1271 2047 sempiterne

127 2047 246 2128 Deus,'’
270 2063 328 2114 etc.
376 2051 459 2115 Cum
483 2074 555 2114 vero
580 2054 622 2114 ab
645 2051 805 2127 hac,luce
828 2052 977 2114 subtracti
1003 2051 1165 2128 fuerimus,
1186 2051 1272 2113 dicat

123 2135 256 2217 quilibet
275 2138 426 2223 recipiens
451 2141 598 2222 pecunias
620 2138 698 2217 illas,
715 2139 874 2222 psalmum
898 2136 987 2200 illum
1010 2136 1090 2200 “De
1111 2134 1272 2221 profundis

123 2222 289 2301 clamavi,’'
304 2245 378 2285 cum
394 2230 413 2261 ‘⁶
425 2225 527 2289 Kurie
537 2225 675 2287 eleison”
688 2237 718 2287 et
732 2226 869 2289 oratione
881 2223 1053 2301 Dominica,
1064 2246 1137 2286 cum
1153 2223 1268 2286 saluta·

124 2307 208 2369 tione
234 2310 405 2393 Angelica,
427 2323 457 2374 et
481 2333 554 2373 cum
570 2312 709 2374 oratione
732 2317 751 2348 “
764 2311 893 2386 lnclina,
918 2309 1072 2372 Domine”
1095 2323 1126 2372 et
1148 2308 1270 2372 “Fide-

123 2393 203 2454 lium
215 2393 246 2469 ;”
257 2397 370 2478 juncta
395 2397 536 2461 oratione
552 2402 571 2432 “
585 2397 684 2474 Deus,
700 2397 759 2481 qui
783 2397 863 2458 inter
884 2394 1083 2478 Apostolicos
1099 2395 1270 2459 sacerdotes
1281 2403 1348 2466 Krya
1358 2405 1429 2454 otuu

123 2479 275 2541 famulum
292 2493 384 2543 tuum
398 2481 613 2545 Fundatorem
636 2481 809 2560 nostrum,'’
824 2493 882 2545 etc.
914 2482 1094 2544 Statuentes
1109 2469 1354 2565 praeterea,⁰l⁰⁸'·

123 2577 153 2626 et
177 2566 272 2627 etiam
299 2567 485 2647 ordinantes,
513 2567 597 2652 quod
624 2570 701 2630 cista
729 2568 877 2652 praedicta
901 2580 962 2630 tres
992 2566 1103 2630 habeat
1131 2566 1269 2628 diversas

122 2673 261 2725 seruras;
285 2675 421 2736 quarum
436 2664 499 2718 tres
514 2654 617 2717 claves
642 2654 718 2716 inter
732 2675 766 2717 se
782 2654 904 2733 divisas,
920 2668 951 2716 et
966 2653 1056 2716 dictae
1070 2653 1152 2715 cistae
1167 2664 1267 2715 custo·

122 2738 219 2816 diam,
243 2738 376 2801 habeant
397 2740 586 2818 Vicecustos,
607 2741 751 2803 Decanus
770 2740 885 2802 artium
907 2750 939 2801 et
955 2738 1113 2801 bursarius
1131 2739 1267 2823 jurista;

121 2825 238 2886 onerati
253 2837 284 2887 et
303 2825 404 2908 jurati
418 2828 503 2909 quod
521 2827 602 2889 nulli
626 2825 765 2910 aliquam
787 2825 828 2888 de
844 2825 926 2888 dicta
942 2827 1018 2887 cista
1033 2826 1168 2908 pecuniae
1183 2846 1266 2886 sum·
1280 2832 1370 2907 Iffledtte
1381 2847 1430 2880 ore

122 2932 207 2972 mam
223 2925 334 2973 mutuo
356 2928 412 2974 seu
431 2912 666 2995 quomodolibet
688 2911 777 2975 aliter
802 2912 985 2990 liberabunt,
1007 2913 1124 2994 absque
1144 2909 1224 2975 reali
1240 2926 1268 2972 et
1280 2895 1429 2946 ΝΜΟ*

122 2997 292 3060 sufficiente
307 2999 440 3083 pignore
460 3021 515 3060 seu
530 2999 674 3062 cautione
688 3000 728 3060 de
744 3021 812 3061 vero
827 2999 932 3061 valore
947 3010 979 3059 et.
999 2997 1083 3059 ultra
1097 2995 1138 3060 de
1152 2996 1267 3058 medie-

121 3093 183 3146 tate
198 3083 312 3146 valoris
327 3085 464 3168 pecuniae
479 3097 658 3148 numeratur.
698 3083 796 3161 Quod
806 3084 931 3168 quidem
947 3084 1065 3168 pignus
1080 3106 1135 3146 seu
1151 3084 1269 3162 cautio,

121 3169 183 3231 nisi
205 3169 283 3232 infra
302 3192 418 3233 annum
433 3193 453 3232 a
467 3182 606 3255 tempore
625 3173 727 3233 mutui
745 3171 860 3255 recepti
883 3169 1082 3234 effectualiter
1099 3169 1271 3231 redimatur

121 3265 151 3316 et
168 3257 371 3338 acquietetur,
388 3258 491 3319 statim
506 3259 586 3320 infra
609 3280 749 3320 mensem
772 3268 842 3342 post
857 3255 1170 3339 superannuationem
1184 3257 1270 3340 ejus·

120 3341 202 3419 dem,
218 3343 242 3403 si
259 3343 378 3406 vacatio
393 3353 534 3427 tempore
559 3343 851 3428 superannuationis
868 3364 927 3404 non
948 3342 1048 3419 fuerit,
1063 3341 1268 3406 distrahatur.

120 3426 214 3500 Quod
245 3428 273 3488 si
302 3439 444 3511 tempore
473 3430 768 3510 superannuationis
800 3429 919 3491 vacatio
952 3428 1053 3504 fuerit,
1084 3437 1159 3488 tunc
1189 3427 1269 3489 infra

120 3514 258 3594 primum
283 3535 423 3575 mensem
446 3515 580 3598 proximi
605 3514 726 3576 termini
756 3515 907 3596 sequentis
929 3513 1047 3597 pignus
1078 3534 1133 3573 seu
1164 3513 1269 3574 cautio

120 3597 305 3680 hujusmodi
321 3599 492 3661 venditioni
511 3599 649 3682 publicae
668 3608 852 3681 exponatur.
900 3595 946 3658 Et
961 3597 989 3659 si
1005 3597 1092 3679 quid,
1107 3608 1176 3680 post
1191 3620 1267 3659 cuu-

119 3683 212 3746 tionis
228 3707 284 3746 seu
298 3684 436 3770 pignoris
452 3683 632 3767 hujusmodi
648 3684 862 3761 venditionem,
879 3694 997 3746 retenta
1015 3683 1118 3745 mutui
1132 3705 1265 3760 summa,

119 3769 158 3831 de
186 3770 289 3852 pretio
319 3771 516 3852 superfuerit,
547 3770 775 3855 impignoranti,
811 3792 885 3833 cum
922 3768 1051 3847 venerit,
1082 3769 1265 3832 retrudatur.

118 3855 140 3918 J
142 3857 255 3934 urabit,
272 3857 409 3939 insuper,
426 3856 563 3940 quilibet
576 3856 729 3940 recipiens
745 3857 785 3918 de
798 3855 934 3919 summis
948 3853 1116 3939 praedictis,
1130 3864 1267 3936 tempore
1278 3874 1342 3923 Orth
1355 3881 1379 3923 to
1389 3874 1419 3922 t„

119 3943 222 4005 mutui
239 3943 297 4005 sibi
315 3944 400 4022 facti,
416 3943 501 4026 quod
514 3942 611 4006 dictas
627 3943 775 4025 pecunias
787 3944 826 4005 ad
843 3965 937 4005 usum
954 3964 1048 4004 suum
1063 3940 1223 4025 proprium
1237 3952 1268 4003 et
1278 3937 1349 4014 taken
1360 3940 1391 4000 ny
1403 3956 1418 3986 ¹²

118 4050 178 4090 non
193 4029 346 4107 alienum,
360 4031 474 4112 absque
487 4029 569 4108 dolo,
579 4028 689 4090 fraude
704 4051 759 4090 seu
774 4029 899 4091 fictione
913 4028 1068 4112 qualibet,
1083 4037 1265 4104 mutuatum
1277 4012 1391 4116 {galleffi
1402 4003 1429 4051 οἵ

117 4131 146 4178 et
162 4116 258 4177 etiam
274 4117 358 4199 quod
374 4117 492 4177 dictam
506 4116 620 4178 cistam
636 4116 844 4198 custodesque
865 4112 1016 4197 ejusdem,
1034 4113 1138 4196 quoad
1153 4112 1268 4198 pignus

118 4223 174 4264 seu
200 4203 378 4264 cautionem
401 4224 503 4280 suam,
522 4213 676 4285 quatenus
700 4201 734 4264 in
755 4223 792 4263 eo
814 4212 859 4263 est
881 4214 909 4263 et
932 4202 973 4262 ad
999 4200 1103 4283 ipsum
1127 4200 1269 4282 pertinet,

117 4289 253 4350 servabit
276 4289 457 4365 indemnes3
481 4309 598 4351 necnon
622 4288 705 4371 quod
726 4288 935 4352 venditionem
957 4285 1100 4373 pignoris
1122 4307 1175 4344 seu
1196 4307 1269 4348 cau·
1307 4304 1312 4315 ·

117 4373 213 4435 tionis
228 4373 420 4457 hujusmodi,
436 4375 470 4435 in
486 4376 585 4437 forma
608 4375 757 4460 praedicta
777 4374 962 4452 faciendam,
983 4394 1038 4457 per
1052 4394 1084 4433 se
1103 4371 1152 4432 vel
1168 4369 1270 4434 alium

116 4460 322 4542 quovismodo
334 4483 395 4524 non
411 4462 569 4545 impediet,
585 4461 645 4523 nisi
661 4461 701 4524 ad
711 4459 870 4540 luendum,
887 4456 1103 4522 redimendum
1119 4468 1150 4519 et
1164 4457 1270 4542 acqui·

116 4547 266 4608 etandum
281 4547 402 4632 pignus
421 4569 473 4609 seu
492 4547 674 4611 cautionem
689 4569 780 4609 suam
798 4547 989 4632 praedictam,
1010 4543 1127 4607 venerit
1144 4553 1271 4627 paratus

117 4654 186 4694 oum
203 4633 355 4718 pecuniis
372 4648 403 4696 et
424 4656 479 4696 eas
504 4634 686 4718 persolverit
710 4635 895 4720 priusquam
921 4631 1064 4695 venditio
1090 4628 1280 4713 huiusmodi

654 4720 717 4812 (7.)
1088 4721 1163 4784 su
