3014 4898
359 263 499 329 &arares
507 265 546 347 os
554 263 612 326 All
627 259 720 327 Souis
738 259 867 348 Collepe,
886 261 1015 348 Oafordss
1224 265 1267 330 63

118 445 269 522 grossam,
284 444 320 498 ut
335 435 527 518 praedicitur,
544 433 630 496 finali
646 444 791 516 compoto
805 433 1018 498 bursariorur'n
1032 437 1265 520 praedictorum,
1279 447 1409 495 Surrender
1421 447 1449 495 ot

117 524 234 601 statim,
263 523 327 584 sine
356 543 446 584 mora
475 521 592 605 aliqua,
618 520 777 582 retradant
805 533 836 584 et
865 522 996 584 reddant
1026 524 1100 587 dicti
1130 526 1265 588 bursarii
1280 512 1466 624 ⁰ffiffi⁰lgffb¹¹f⁸ffiff¹

118 608 221 672 claves
237 609 376 672 omnium
391 608 543 670 cistarum
559 621 590 669 et
606 607 821 670 custodiarum
842 629 1100 692 quarumcunque
1116 611 1163 673 eis
1184 634 1265 676 com·
1279 591 1355 688 igini
1381 592 1406 624 εἴ
1422 593 1436 625 ⁰
1464 605 1466 612 Α

118 697 281 758 missarum
306 694 434 757 Custodi
462 693 598 779 Collegii
624 693 774 776 praedicti,
798 695 974 780 insignum
999 697 1213 782 resignationis
1236 712 1265 760 et

117 782 307 844 dimissionis
342 780 515 844 officiorum
553 801 690 843 suorum.
750 779 878 853 Decani,
908 792 1066 863 praeterea,
1103 785 1267 868 caeterique

118 868 213 946 Socii,
237 867 372 930 officiarii
402 879 432 929 et
454 867 602 950 clavigeri
625 865 790 945 intrinseci,
813 888 922 929 omnes
954 877 984 928 at
1005 868 1130 954 singuli,
1154 883 1268 953 praeter

117 954 290 1016 Custodem
314 966 346 1016 et
367 952 618 1030 Vicecustodem,
642 952 786 1014 similiter
808 974 881 1016 suas
902 950 1004 1015 claves
1027 954 1162 1017 Custodi
1185 978 1266 1039 prae-

117 1041 201 1101 dicto
237 1056 313 1102 tunc
342 1041 465 1102 tradere
502 1049 533 1100 et
565 1039 672 1102 officiis
701 1040 765 1100 suis
800 1038 910 1102 cedere
941 1039 1072 1103 debeant
1109 1052 1139 1103 et
1170 1042 1266 1104 etiam

116 1137 287 1188 teneantur.
333 1125 403 1199 Quo
419 1126 509 1204 facto,
530 1124 572 1186 ad
588 1124 805 1188 Vicecustodis
827 1125 1083 1210 singulorumque
1106 1128 1265 1190 officiario·
1282 1142 1430 1192 healestan
1442 1144 1466 1192 ot

117 1234 187 1274 rum
204 1211 385 1293 hujusmodi
408 1214 584 1273 futurorum
602 1211 785 1273 electionem
800 1212 907 1273 statim
923 1217 1120 1294 procedatur,
1144 1214 1222 1276 sicut
1237 1209 1376 1277 egofficeu.

115 1313 210 1382 prout
225 1299 368 1381 superius
383 1300 414 1361 in
427 1297 498 1359 aliis
512 1297 667 1380 capitulis,
689 1298 829 1380 ipsorum
844 1297 1003 1360 electionis
1016 1301 1151 1361 formam
1167 1300 1265 1362 conti-

117 1386 269 1464 nentibus,
293 1385 416 1468 plenius
439 1395 485 1445 est
507 1405 702 1466 expressum.
747 1383 841 1457 Quod
862 1383 998 1445 officium
1013 1384 1066 1447 vel
1081 1408 1151 1469 quae
1165 1386 1268 1448 officia

117 1469 199 1532 nulli
215 1471 307 1532 Socio
322 1471 435 1533 adhoc
448 1469 602 1553 deputato
617 1470 712 1533 liceat
728 1471 876 1533 refutare.
922 1469 1087 1549 Nolentes,
1104 1484 1266 1557 praeterea,
1280 1481 1386 1543 Hotdtng
1397 1489 1442 1531 two

117 1557 200 1640 quod
225 1555 321 1619 alicui
348 1557 511 1619 Sociorum
534 1555 691 1617 dictorum
718 1554 781 1617 duo
804 1554 903 1620 officia
926 1557 966 1622 de
990 1557 1099 1620 officiis
1114 1547 1366 1645 praedictis⁰ffi⁰⁶⁸·

116 1642 212 1704 simul
226 1654 259 1704 et
273 1641 368 1705 semel
383 1641 618 1726 quomodolibet
632 1642 883 1704 committantur.

117 1850 199 1937 Cap.
216 1852 366 1918 aa-De
390 1854 568 1918 Visitationc
590 1852 706 1916 domini
719 1835 949 1935 Archicpiscopi
972 1851 1202 1918 Contrariorum
1207 1877 1220 1929 ,·
1242 1865 1271 1919 ct

339 1940 565 2004 Comntissoriis
573 1962 631 2022 per
646 1961 713 2000 enm
728 1939 772 2000 ad
784 1939 838 2000 ltoc
853 1939 1042 2023 deputandis.

161 2047 253 2127 Item,
280 2046 359 2129 quia
384 2047 645 2110 reverendissimi
675 2047 709 2108 in
734 2044 866 2108 Christo
896 2057 1003 2129 patres
1026 2045 1463 2136 archiepiscopiarchbishono

117 2131 374 2210 cantuarienses,
398 2135 499 2197 nostri
522 2155 729 2211 successores,
749 2133 844 2216 juxta
867 2132 1066 2199 voluntatem
1088 2145 1118 2197 et
1141 2119 1466 2230 ordiris-ffttvt¹l³,¹gss*⁰

116 2219 237 2282 tionem
260 2219 537 2283 Christianissimi
561 2219 719 2301 principis
747 2216 884 2280 Henrici
913 2218 1010 2303 Regis
1034 2218 1164 2303 Angliae
1178 2221 1269 2284 Sexti
1295 2199 1308 2230 θ
1346 2198 1374 2230 ¹⁸¹
1424 2219 1431 2232 '

115 2304 260 2382 illustris,
275 2305 431 2389 praecipui
456 2328 493 2367 ac
519 2305 710 2387 principalis
737 2301 879 2384 ejusdem
894 2303 1034 2389 Collegii
1064 2305 1268 2386 Fundatoris,

116 2403 208 2474 prout
225 2392 258 2452 in
273 2391 341 2452 suis
354 2389 456 2453 literis
483 2391 677 2474 patentibus,
693 2390 732 2452 de
749 2398 781 2452 et
805 2412 900 2473 super
920 2390 1103 2453 fundatione
1127 2391 1268 2474 ejusdem

116 2477 257 2562 Collegii
287 2477 446 2556 confectis,
477 2478 658 2539 continetur
681 2475 816 2561 plenius,
839 2476 938 2538 simul
961 2498 1035 2538 cum
1059 2499 1096 2539 eo
1121 2479 1269 2541 cofunda·

115 2573 196 2627 tores
224 2575 316 2626 erunt
341 2564 373 2624 in
399 2576 606 2647 perpetuum3
638 2561 818 2640 statuimus,
843 2563 1028 2624 ordinamus
1053 2573 1084 2624 et
1111 2563 1269 2645 volumus,

115 2651 211 2734 quod,
235 2650 320 2712 sicut
343 2663 430 2712 erunt
449 2651 518 2711 veri
541 2649 664 2733 patroni
690 2660 720 2709 et
743 2659 932 2730 protectores
957 2649 1103 2733 perpetui
1127 2648 1269 2733 ejusdem

117 2736 264 2822 Collegii,
280 2749 315 2800 ut
341 2758 513 2819 speramus,
539 2736 586 2799 sic
610 2734 715 2817 ipsius
740 2732 888 2819 Collegii,
904 2735 1182 2819 singulariumque
1197 2748 1293 2820 per-⁴

116 2845 271 2902 sonarum,
296 2824 534 2906 possessionum
557 2820 778 2904 spiritualium
801 2832 832 2882 et
853 2821 1086 2905 temporalium,
1098 2821 1224 2904 jurium
1240 2836 1270 2886 et

116 2909 300 2972 libertatum
315 2932 354 2972 ac
378 2909 634 2994 privilegiorum,
654 2907 881 2990 supervisores,
896 2918 926 2968 et
950 2921 1100 2991 tanquam
1115 2910 1270 2972 ordinarii

115 2996 323 3059 observantia
337 2996 570 3058 ordinationum
585 3005 617 3056 et
632 3006 821 3055 statutorum
842 3003 1020 3057 nostrorum
1036 2995 1182 3078 ejusdem
1198 3017 1270 3061 con-

115 3094 298 3162 servatores,
320 3092 349 3143 et
378 3082 483 3165 ipsius
513 3079 652 3165 Collegii
679 3078 881 3157 Visitatores‚
904 3080 1051 3142 existant.
1098 3080 1268 3162 Quocirca,

115 3170 311 3247 ordinamus,
333 3169 481 3231 volumus
504 3179 532 3230 et
555 3167 652 3229 etiam
676 3165 885 3243 declaramus,
911 3166 996 3248 quod
1019 3166 1115 3229 liceat
1140 3168 1268 3231 domino

116 3253 336 3317 Cantuariensi
359 3252 620 3335 Archiepiscopo,
636 3251 693 3334 qui
706 3273 762 3333 pro
786 3264 927 3333 tempore
942 3252 1048 3330 fuerit,
1064 3253 1187 3334 quoties
1203 3253 1267 3316 sibi

115 3341 221 3402 visum
245 3340 352 3416 fuerit,
368 3360 483 3400 necnon
510 3349 541 3398 et
556 3338 727 3419 expediens
755 3338 793 3399 ad
816 3337 983 3418 praefatum
1000 3335 1194 3420 Collegium,
1209 3330 1267 3421 per

115 3449 148 3488 se
174 3426 225 3487 vel
249 3448 323 3487 suos
348 3423 601 3499 Commissarios,
624 3421 769 3483 Priorem
792 3420 943 3483 videlicet
973 3433 1029 3484 aut
1058 3423 1264 3508 Subpriorem
1279 3432 1459 3487 commissario

115 3510 257 3573 ecelesiae
272 3510 393 3573 Christi
409 3509 661 3586 cantuariensis,
677 3505 843 3570 officialem
867 3506 964 3568 curiae
981 3508 1020 3569 de
1036 3507 1187 3571 Arcubus
1210 3521 1265 3572 aut
1278 3499 1352 3548 osche
1362 3501 1438 3546 Aren-

116 3597 283 3660 Decanum
308 3594 448 3678 ejusdem
475 3596 581 3673 curiae,
608 3616 697 3677 quos,
713 3603 743 3655 et
769 3615 829 3655 non
853 3591 942 3672 alios,
967 3594 1009 3655 ad
1037 3592 1097 3655 hoc
1113 3593 1265 3678 deputare
1279 3563 1389 3627 brshop„

115 3706 188 3746 eum
202 3705 294 3767 posse
309 3681 506 3746 declaramus
522 3693 552 3743 et
565 3681 723 3758 volumus,
738 3677 931 3761 conjunctim
950 3691 981 3741 et
996 3680 1138 3759 divisim,
1155 3703 1265 3744 secun-

114 3771 192 3832 dum
207 3769 292 3852 quod
317 3768 383 3833 sibi
408 3769 513 3853 magis
539 3767 678 3844 libuerit,
693 3789 766 3830 suos
789 3765 1035 3830 Commissarios
1058 3766 1156 3828 libere
1172 3790 1264 3830 acce·

114 3856 193 3936 dere,
210 3855 446 3938 Custodemque
462 3876 500 3916 ac
515 3876 619 3915 omnes
633 3866 664 3915 et
679 3853 821 3938 singulos
836 3851 996 3916 scholares
1013 3864 1044 3914 et
1058 3852 1170 3917 Socios
1184 3855 1264 3916 dicti

115 3941 252 4023 Collegii
266 3943 299 4004 in
315 3964 413 4004 unum
428 3940 533 4003 locum
549 3940 631 4002 infra
644 3940 768 4001 dictum
783 3937 964 4022 Collegium
981 3960 1161 4004 convocare.
1198 3940 1264 4003 Cui
1275 3952 1359 4000 Power
1370 3952 1397 3999 of

114 4028 245 4110 quidem
270 4028 530 4092 reverendissimo
555 4026 639 4111 patri
665 4026 844 4108 cuicunque
870 4046 928 4107 pro
943 4040 1093 4108 tempore,
1108 4048 1146 4087 ac
1167 4015 1375 4089 Com-Vim·

114 4114 272 4177 missariis
287 4115 355 4178 suis
380 4113 553 4198 praedictis,
569 4113 728 4192 duntaxat,
743 4112 851 4197 vigore
866 4124 978 4173 nostrae
1000 4114 1164 4195 praesentis
1180 4113 1264 4178 ordi-

115 4201 254 4263 nationis
268 4213 298 4264 et
312 4201 432 4281 statuti,
448 4201 573 4284 plenam
587 4199 790 4263 concedimus
806 4208 990 4282 potestatem
1006 4221 1102 4282 super
1116 4201 1264 4262 omnibus

115 4298 145 4347 et
176 4286 313 4371 singulis
342 4288 471 4371 punctis
501 4297 532 4349 et
569 4285 714 4348 articulis
744 4284 778 4346 in
813 4284 926 4347 nostris
955 4285 1204 4349 ordinationibus
1234 4297 1264 4348 et

115 4372 245 4434 statutis
271 4375 436 4452 contentis,
450 4397 505 4458 per
521 4372 693 4436 Custodem
707 4393 877 4454 omnesque
891 4383 921 4434 et
945 4370 1087 4456 singulos
1101 4371 1211 4436 Socios
1234 4383 1272 4455 et,

114 4455 271 4520 scholares
291 4460 468 4542 praedictos,
482 4460 589 4537 otiam,
605 4459 634 4521 si
658 4467 807 4543 oporteat,
830 4458 890 4520 sub
914 4458 1055 4541 ipsorum
1077 4456 1264 4540 juramento,
