<?xml version="1.0" encoding="UTF-8"?>
<!DOCTYPE html PUBLIC "-//W3C//DTD XHTML 1.0 Transitional//EN"
    "http://www.w3.org/TR/xhtml1/DTD/xhtml1-transitional.dtd">
<html xmlns="http://www.w3.org/1999/xhtml" xml:lang="en" lang="en">
 <head>
  <title>
</title>
<meta http-equiv="Content-Type" content="text/html;charset=utf-8" />
  <meta name='ocr-system' content='tesseract 3.04.00' />
  <meta name='ocr-capabilities' content='ocr_page ocr_carea ocr_par ocr_line ocrx_word'/>
</head>
<body>
  <div class='ocr_page' id='page_1' title='image "./statutescollege01bondgoog_0081.png"; bbox 0 0 3014 4898; ppageno 0'>
   <div class='ocr_carea' id='block_1_1' title="bbox 458 195 1263 306">
    <p class='ocr_par' dir='ltr' id='par_1_1' title="bbox 458 195 1263 306">
     <span class='ocr_line' id='line_1_1' title="bbox 458 195 1263 306; baseline 0.01 -31"><span class='ocrx_word' id='word_1_1' title='bbox 458 195 878 306; x_wconf 14' lang='lat' dir='ltr'><strong>,lacesserant</strong></span> <span class='ocrx_word' id='word_1_2' title='bbox 1222 217 1263 283; x_wconf 79' lang='lat' dir='ltr'><strong>rs</strong></span> 
     </span>
    </p>
   </div>
   <div class='ocr_carea' id='block_1_2' title="bbox 109 380 1346 3038">
    <p class='ocr_par' dir='ltr' id='par_1_2' title="bbox 109 380 1346 3038">
     <span class='ocr_line' id='line_1_2' title="bbox 116 380 1266 469; baseline 0.008 -28"><span class='ocrx_word' id='word_1_3' title='bbox 116 391 184 456; x_wconf 89' lang='lat' dir='ltr'><strong>tus;</strong></span> <span class='ocrx_word' id='word_1_4' title='bbox 209 388 328 444; x_wconf 80' lang='lat' dir='ltr'><strong>sextam</strong></span> <span class='ocrx_word' id='word_1_5' title='bbox 343 380 570 444; x_wconf 82' lang='lat' dir='ltr'>baccalaureus</span> <span class='ocrx_word' id='word_1_6' title='bbox 586 383 722 459; x_wconf 82' lang='lat' dir='ltr'><strong>artium3</strong></span> <span class='ocrx_word' id='word_1_7' title='bbox 747 384 917 466; x_wconf 84' lang='lat' dir='ltr'><strong>septimam</strong></span> <span class='ocrx_word' id='word_1_8' title='bbox 941 383 1164 450; x_wconf 83' lang='lat' dir='ltr'><strong>baccalaureus</strong></span> <span class='ocrx_word' id='word_1_9' title='bbox 1183 384 1266 469; x_wconf 90' lang='lat' dir='ltr'><strong>juris</strong></span> 
     </span>
     <span class='ocr_line' id='line_1_3' title="bbox 116 466 1263 554; baseline 0.006 -25"><span class='ocrx_word' id='word_1_10' title='bbox 116 468 236 544; x_wconf 80' lang='lat' dir='ltr'><strong>senior3</strong></span> <span class='ocrx_word' id='word_1_11' title='bbox 267 479 410 529; x_wconf 88' lang='lat' dir='ltr'><strong>octavam</strong></span> <span class='ocrx_word' id='word_1_12' title='bbox 430 467 588 554; x_wconf 79' lang='lat' dir='ltr'><strong>Magister</strong></span> <span class='ocrx_word' id='word_1_13' title='bbox 611 466 728 530; x_wconf 84' lang='lat' dir='ltr'><strong>artium</strong></span> <span class='ocrx_word' id='word_1_14' title='bbox 750 468 863 532; x_wconf 86' lang='lat' dir='ltr'><strong>Senior</strong></span> <span class='ocrx_word' id='word_1_15' title='bbox 875 469 922 532; x_wconf 93' lang='lat' dir='ltr'><strong>vel</strong></span> <span class='ocrx_word' id='word_1_16' title='bbox 937 470 1160 535; x_wconf 84' lang='lat' dir='ltr'><strong>baccalaureus</strong></span> <span class='ocrx_word' id='word_1_17' title='bbox 1175 475 1263 536; x_wconf 89' lang='lat' dir='ltr'><strong>theo-</strong></span> 
     </span>
     <span class='ocr_line' id='line_1_4' title="bbox 114 551 1346 642; baseline 0.006 -28"><span class='ocrx_word' id='word_1_18' title='bbox 114 551 227 638; x_wconf 84' lang='lat' dir='ltr'><strong>logiae3</strong></span> <span class='ocrx_word' id='word_1_19' title='bbox 251 565 280 616; x_wconf 91' lang='lat' dir='ltr'><strong>et</strong></span> <span class='ocrx_word' id='word_1_20' title='bbox 295 575 408 617; x_wconf 92' lang='lat' dir='ltr'><strong>nonam</strong></span> <span class='ocrx_word' id='word_1_21' title='bbox 421 553 533 616; x_wconf 89' lang='lat' dir='ltr'><strong>Custos</strong></span> <span class='ocrx_word' id='word_1_22' title='bbox 542 554 588 616; x_wconf 92' lang='lat' dir='ltr'><strong>vel</strong></span> <span class='ocrx_word' id='word_1_23' title='bbox 602 552 793 617; x_wconf 86' lang='lat' dir='ltr'><strong>Vicecustns.</strong></span> <span class='ocrx_word' id='word_1_24' title='bbox 841 552 1055 636; x_wconf 88' lang='lat' dir='ltr'><strong>lnmajoribus</strong></span> <span class='ocrx_word' id='word_1_25' title='bbox 1066 557 1264 642; x_wconf 90' lang='lat' dir='ltr'><strong>duplicibus,</strong></span> <span class='ocrx_word' id='word_1_26' title='bbox 1343 570 1346 574; x_wconf 87' lang='grc'><strong>’</strong></span> 
     </span>
     <span class='ocr_line' id='line_1_5' title="bbox 114 638 1264 725; baseline 0.005 -24"><span class='ocrx_word' id='word_1_27' title='bbox 114 660 168 701; x_wconf 84' lang='lat' dir='ltr'><strong>sex</strong></span> <span class='ocrx_word' id='word_1_28' title='bbox 181 639 331 703; x_wconf 87' lang='lat' dir='ltr'><strong>lectiones</strong></span> <span class='ocrx_word' id='word_1_29' title='bbox 346 638 459 722; x_wconf 80' lang='lat' dir='ltr'><strong>primae</strong></span> <span class='ocrx_word' id='word_1_30' title='bbox 473 652 507 702; x_wconf 91' lang='lat' dir='ltr'><strong>ut</strong></span> <span class='ocrx_word' id='word_1_31' title='bbox 523 662 637 723; x_wconf 87' lang='lat' dir='ltr'><strong>supra3</strong></span> <span class='ocrx_word' id='word_1_32' title='bbox 661 640 830 724; x_wconf 84' lang='lat' dir='ltr'><strong>septimam</strong></span> <span class='ocrx_word' id='word_1_33' title='bbox 846 640 927 725; x_wconf 89' lang='lat' dir='ltr'><strong>legat</strong></span> <span class='ocrx_word' id='word_1_34' title='bbox 944 641 1170 706; x_wconf 87' lang='lat' dir='ltr'><strong>baccalaureus</strong></span> <span class='ocrx_word' id='word_1_35' title='bbox 1181 641 1264 725; x_wconf 90' lang='lat' dir='ltr'><strong>juris</strong></span> 
     </span>
     <span class='ocr_line' id='line_1_6' title="bbox 109 721 1262 809; baseline 0.003 -23"><span class='ocrx_word' id='word_1_36' title='bbox 109 721 240 806; x_wconf 91' lang='lat' dir='ltr'><strong>junicr;</strong></span> <span class='ocrx_word' id='word_1_37' title='bbox 265 735 406 787; x_wconf 86' lang='lat' dir='ltr'><strong>octavam</strong></span> <span class='ocrx_word' id='word_1_38' title='bbox 427 725 580 809; x_wconf 83' lang='lat' dir='ltr'><strong>Magister</strong></span> <span class='ocrx_word' id='word_1_39' title='bbox 603 725 715 788; x_wconf 88' lang='lat' dir='ltr'><strong>artium</strong></span> <span class='ocrx_word' id='word_1_40' title='bbox 734 724 860 808; x_wconf 85' lang='lat' dir='ltr'><strong>junior3</strong></span> <span class='ocrx_word' id='word_1_41' title='bbox 884 748 999 789; x_wconf 90' lang='lat' dir='ltr'><strong>nonam</strong></span> <span class='ocrx_word' id='word_1_42' title='bbox 1018 725 1149 801; x_wconf 91' lang='lat' dir='ltr'><strong>Doctor,</strong></span> <span class='ocrx_word' id='word_1_43' title='bbox 1165 728 1262 795; x_wconf 87' lang='lat' dir='ltr'><strong>Vice-</strong></span> 
     </span>
     <span class='ocr_line' id='line_1_7' title="bbox 115 809 1264 898; baseline 0.004 -26"><span class='ocrx_word' id='word_1_44' title='bbox 115 820 231 889; x_wconf 89' lang='lat' dir='ltr'><strong>custos,</strong></span> <span class='ocrx_word' id='word_1_45' title='bbox 254 809 313 885; x_wconf 89' lang='lat' dir='ltr'><strong>vel,</strong></span> <span class='ocrx_word' id='word_1_46' title='bbox 337 831 445 873; x_wconf 90' lang='lat' dir='ltr'><strong>eorum</strong></span> <span class='ocrx_word' id='word_1_47' title='bbox 470 811 621 882; x_wconf 90' lang='lat' dir='ltr'><strong>absentia,</strong></span> <span class='ocrx_word' id='word_1_48' title='bbox 642 811 769 877; x_wconf 86' lang='lat' dir='ltr'><strong>Custos.</strong></span> <span class='ocrx_word' id='word_1_49' title='bbox 816 812 853 875; x_wconf 91' lang='lat' dir='ltr'><strong>ln</strong></span> <span class='ocrx_word' id='word_1_50' title='bbox 875 812 1053 876; x_wconf 86' lang='lat' dir='ltr'><strong>minoribus</strong></span> <span class='ocrx_word' id='word_1_51' title='bbox 1076 815 1264 898; x_wconf 89' lang='lat' dir='ltr'><strong>duplicibus,</strong></span> 
     </span>
     <span class='ocr_line' id='line_1_8' title="bbox 114 896 1264 985; baseline 0.005 -27"><span class='ocrx_word' id='word_1_52' title='bbox 114 917 168 958; x_wconf 89' lang='lat' dir='ltr'><strong>sex</strong></span> <span class='ocrx_word' id='word_1_53' title='bbox 197 897 305 980; x_wconf 84' lang='lat' dir='ltr'><strong>primae</strong></span> <span class='ocrx_word' id='word_1_54' title='bbox 334 896 485 960; x_wconf 89' lang='lat' dir='ltr'><strong>lectiones</strong></span> <span class='ocrx_word' id='word_1_55' title='bbox 513 919 570 980; x_wconf 91' lang='lat' dir='ltr'><strong>per</strong></span> <span class='ocrx_word' id='word_1_56' title='bbox 600 897 753 960; x_wconf 88' lang='lat' dir='ltr'><strong>choristas</strong></span> <span class='ocrx_word' id='word_1_57' title='bbox 781 909 812 959; x_wconf 90' lang='lat' dir='ltr'><strong>et</strong></span> <span class='ocrx_word' id='word_1_58' title='bbox 841 897 990 975; x_wconf 85' lang='lat' dir='ltr'><strong>clericos3</strong></span> <span class='ocrx_word' id='word_1_59' title='bbox 1020 903 1184 984; x_wconf 87' lang='lat' dir='ltr'><strong>septimam</strong></span> <span class='ocrx_word' id='word_1_60' title='bbox 1208 923 1264 985; x_wconf 84' lang='lat' dir='ltr'><strong>per·</strong></span> 
     </span>
     <span class='ocr_line' id='line_1_9' title="bbox 115 983 1266 1070; baseline 0.005 -27"><span class='ocrx_word' id='word_1_61' title='bbox 115 983 334 1064; x_wconf 86' lang='lat' dir='ltr'><strong>capellanum3</strong></span> <span class='ocrx_word' id='word_1_62' title='bbox 364 998 509 1046; x_wconf 87' lang='lat' dir='ltr'><strong>octavam</strong></span> <span class='ocrx_word' id='word_1_63' title='bbox 537 1004 592 1067; x_wconf 87' lang='lat' dir='ltr'><strong>per</strong></span> <span class='ocrx_word' id='word_1_64' title='bbox 620 983 863 1048; x_wconf 88' lang='lat' dir='ltr'><strong>baccalaureum</strong></span> <span class='ocrx_word' id='word_1_65' title='bbox 892 984 1029 1063; x_wconf 89' lang='lat' dir='ltr'><strong>artium;</strong></span> <span class='ocrx_word' id='word_1_66' title='bbox 1063 1008 1180 1049; x_wconf 85' lang='lat' dir='ltr'><strong>nonam</strong></span> <span class='ocrx_word' id='word_1_67' title='bbox 1210 1009 1266 1070; x_wconf 89' lang='lat' dir='ltr'><strong>per</strong></span> 
     </span>
     <span class='ocr_line' id='line_1_10' title="bbox 114 1067 1265 1156; baseline 0.003 -24"><span class='ocrx_word' id='word_1_68' title='bbox 114 1067 310 1153; x_wconf 86' lang='lat' dir='ltr'><strong>Magistrum</strong></span> <span class='ocrx_word' id='word_1_69' title='bbox 327 1068 454 1131; x_wconf 87' lang='lat' dir='ltr'><strong>artium.</strong></span> <span class='ocrx_word' id='word_1_70' title='bbox 503 1069 540 1130; x_wconf 93' lang='lat' dir='ltr'><strong>ln</strong></span> <span class='ocrx_word' id='word_1_71' title='bbox 561 1068 634 1132; x_wconf 88' lang='lat' dir='ltr'><strong>aliis</strong></span> <span class='ocrx_word' id='word_1_72' title='bbox 656 1069 838 1154; x_wconf 89' lang='lat' dir='ltr'><strong>duplicibus</strong></span> <span class='ocrx_word' id='word_1_73' title='bbox 859 1070 1016 1144; x_wconf 90' lang='lat' dir='ltr'><strong>omnibus,</strong></span> <span class='ocrx_word' id='word_1_74' title='bbox 1031 1093 1082 1136; x_wconf 84' lang='lat' dir='ltr'><strong>sex</strong></span> <span class='ocrx_word' id='word_1_75' title='bbox 1100 1072 1213 1156; x_wconf 85' lang='lat' dir='ltr'><strong>primae</strong></span> <span class='ocrx_word' id='word_1_76' title='bbox 1227 1083 1265 1136; x_wconf 91' lang='lat' dir='ltr'><strong>ut</strong></span> 
     </span>
     <span class='ocr_line' id='line_1_11' title="bbox 114 1154 1264 1241; baseline 0.003 -25"><span class='ocrx_word' id='word_1_77' title='bbox 114 1177 235 1238; x_wconf 85' lang='lat' dir='ltr'><strong>supra3</strong></span> <span class='ocrx_word' id='word_1_78' title='bbox 274 1154 445 1239; x_wconf 84' lang='lat' dir='ltr'><strong>septimam</strong></span> <span class='ocrx_word' id='word_1_79' title='bbox 477 1177 531 1240; x_wconf 91' lang='lat' dir='ltr'><strong>per</strong></span> <span class='ocrx_word' id='word_1_80' title='bbox 563 1157 782 1239; x_wconf 80' lang='lat' dir='ltr'><strong>capellanum:</strong></span> <span class='ocrx_word' id='word_1_81' title='bbox 821 1168 964 1218; x_wconf 88' lang='lat' dir='ltr'><strong>octavam</strong></span> <span class='ocrx_word' id='word_1_82' title='bbox 1001 1180 1056 1241; x_wconf 91' lang='lat' dir='ltr'><strong>per</strong></span> <span class='ocrx_word' id='word_1_83' title='bbox 1088 1158 1264 1220; x_wconf 88' lang='lat' dir='ltr'><strong>scholarem</strong></span> 
     </span>
     <span class='ocr_line' id='line_1_12' title="bbox 115 1240 1264 1326; baseline 0.005 -26"><span class='ocrx_word' id='word_1_84' title='bbox 115 1260 175 1301; x_wconf 93' lang='lat' dir='ltr'><strong>non</strong></span> <span class='ocrx_word' id='word_1_85' title='bbox 191 1240 381 1325; x_wconf 87' lang='lat' dir='ltr'><strong>graduatum</strong></span> <span class='ocrx_word' id='word_1_86' title='bbox 397 1241 444 1304; x_wconf 89' lang='lat' dir='ltr'><strong>vel</strong></span> <span class='ocrx_word' id='word_1_87' title='bbox 460 1240 681 1325; x_wconf 88' lang='lat' dir='ltr'><strong>capellanum;</strong></span> <span class='ocrx_word' id='word_1_88' title='bbox 712 1263 822 1306; x_wconf 86' lang='lat' dir='ltr'><strong>nonam</strong></span> <span class='ocrx_word' id='word_1_89' title='bbox 839 1263 895 1325; x_wconf 89' lang='lat' dir='ltr'><strong>per</strong></span> <span class='ocrx_word' id='word_1_90' title='bbox 911 1244 1153 1306; x_wconf 86' lang='lat' dir='ltr'><strong>baccalaureum</strong></span> <span class='ocrx_word' id='word_1_91' title='bbox 1172 1242 1264 1326; x_wconf 87' lang='lat' dir='ltr'><strong>juris.</strong></span> 
     </span>
     <span class='ocr_line' id='line_1_13' title="bbox 115 1324 1267 1414; baseline 0.006 -28"><span class='ocrx_word' id='word_1_92' title='bbox 115 1324 153 1387; x_wconf 92' lang='lat' dir='ltr'><strong>In</strong></span> <span class='ocrx_word' id='word_1_93' title='bbox 169 1325 239 1388; x_wconf 90' lang='lat' dir='ltr'><strong>aliis</strong></span> <span class='ocrx_word' id='word_1_94' title='bbox 253 1348 313 1389; x_wconf 93' lang='lat' dir='ltr'><strong>non</strong></span> <span class='ocrx_word' id='word_1_95' title='bbox 328 1327 525 1411; x_wconf 87' lang='lat' dir='ltr'><strong>duplicibus,</strong></span> <span class='ocrx_word' id='word_1_96' title='bbox 542 1325 722 1390; x_wconf 87' lang='lat' dir='ltr'><strong>Dominicis</strong></span> <span class='ocrx_word' id='word_1_97' title='bbox 740 1340 771 1390; x_wconf 87' lang='lat' dir='ltr'><strong>et</strong></span> <span class='ocrx_word' id='word_1_98' title='bbox 788 1327 867 1400; x_wconf 90' lang='lat' dir='ltr'><strong>aliis,</strong></span> <span class='ocrx_word' id='word_1_99' title='bbox 882 1328 1052 1411; x_wconf 87' lang='lat' dir='ltr'><strong>septimam</strong></span> <span class='ocrx_word' id='word_1_100' title='bbox 1066 1352 1123 1412; x_wconf 89' lang='lat' dir='ltr'><strong>per</strong></span> <span class='ocrx_word' id='word_1_101' title='bbox 1137 1333 1267 1414; x_wconf 90' lang='lat' dir='ltr'><strong>cappel-</strong></span> 
     </span>
     <span class='ocr_line' id='line_1_14' title="bbox 116 1409 1266 1500; baseline 0.006 -28"><span class='ocrx_word' id='word_1_102' title='bbox 116 1409 225 1473; x_wconf 90' lang='lat' dir='ltr'><strong>lanum</strong></span> <span class='ocrx_word' id='word_1_103' title='bbox 237 1435 246 1488; x_wconf 87' lang='lat'>3</span> <span class='ocrx_word' id='word_1_104' title='bbox 275 1424 419 1474; x_wconf 88' lang='lat' dir='ltr'><strong>octavam</strong></span> <span class='ocrx_word' id='word_1_105' title='bbox 447 1435 504 1496; x_wconf 85' lang='lat' dir='ltr'><strong>per</strong></span> <span class='ocrx_word' id='word_1_106' title='bbox 534 1413 708 1476; x_wconf 88' lang='lat' dir='ltr'><strong>scholarem</strong></span> <span class='ocrx_word' id='word_1_107' title='bbox 739 1434 799 1475; x_wconf 95' lang='lat' dir='ltr'><strong>non</strong></span> <span class='ocrx_word' id='word_1_108' title='bbox 831 1414 1040 1498; x_wconf 86' lang='lat' dir='ltr'><strong>graduatum3</strong></span> <span class='ocrx_word' id='word_1_109' title='bbox 1071 1438 1186 1478; x_wconf 91' lang='lat' dir='ltr'><strong>nonam</strong></span> <span class='ocrx_word' id='word_1_110' title='bbox 1208 1439 1266 1500; x_wconf 90' lang='lat' dir='ltr'><strong>per</strong></span> 
     </span>
     <span class='ocr_line' id='line_1_15' title="bbox 115 1496 1264 1586; baseline 0.006 -28"><span class='ocrx_word' id='word_1_111' title='bbox 115 1496 360 1559; x_wconf 86' lang='lat' dir='ltr'><strong>baccalaureum</strong></span> <span class='ocrx_word' id='word_1_112' title='bbox 389 1498 514 1559; x_wconf 91' lang='lat' dir='ltr'><strong>artium.</strong></span> <span class='ocrx_word' id='word_1_113' title='bbox 571 1497 739 1571; x_wconf 69' lang='lat' dir='ltr'><strong>Volumus</strong></span> <span class='ocrx_word' id='word_1_114' title='bbox 767 1512 926 1582; x_wconf 80' lang='lat' dir='ltr'><strong>practerea,</strong></span> <span class='ocrx_word' id='word_1_115' title='bbox 955 1503 1039 1583; x_wconf 88' lang='lat' dir='ltr'><strong>quod</strong></span> <span class='ocrx_word' id='word_1_116' title='bbox 1067 1503 1097 1564; x_wconf 92' lang='lat' dir='ltr'><strong>in</strong></span> <span class='ocrx_word' id='word_1_117' title='bbox 1126 1514 1264 1586; x_wconf 86' lang='lat' dir='ltr'><strong>tempore</strong></span> 
     </span>
     <span class='ocr_line' id='line_1_16' title="bbox 119 1581 1265 1668; baseline 0.007 -25"><span class='ocrx_word' id='word_1_118' title='bbox 119 1581 265 1644; x_wconf 89' lang='lat' dir='ltr'><strong>Paschali</strong></span> <span class='ocrx_word' id='word_1_119' title='bbox 292 1583 378 1644; x_wconf 92' lang='lat' dir='ltr'><strong>idem</strong></span> <span class='ocrx_word' id='word_1_120' title='bbox 401 1584 477 1645; x_wconf 90' lang='lat' dir='ltr'><strong>ordo</strong></span> <span class='ocrx_word' id='word_1_121' title='bbox 504 1584 542 1646; x_wconf 88' lang='lat' dir='ltr'><strong>de</strong></span> <span class='ocrx_word' id='word_1_122' title='bbox 568 1583 706 1668; x_wconf 89' lang='lat' dir='ltr'><strong>legendis</strong></span> <span class='ocrx_word' id='word_1_123' title='bbox 735 1583 922 1646; x_wconf 88' lang='lat' dir='ltr'><strong>lectionibus</strong></span> <span class='ocrx_word' id='word_1_124' title='bbox 951 1587 981 1646; x_wconf 92' lang='lat' dir='ltr'><strong>in</strong></span> <span class='ocrx_word' id='word_1_125' title='bbox 1007 1587 1151 1649; x_wconf 90' lang='lat' dir='ltr'><strong>omnibus</strong></span> <span class='ocrx_word' id='word_1_126' title='bbox 1182 1590 1265 1651; x_wconf 86' lang='lat' dir='ltr'><strong>festis</strong></span> 
     </span>
     <span class='ocr_line' id='line_1_17' title="bbox 116 1668 1265 1753; baseline 0.006 -24"><span class='ocrx_word' id='word_1_127' title='bbox 116 1668 304 1747; x_wconf 89' lang='lat' dir='ltr'><strong>observetur,</strong></span> <span class='ocrx_word' id='word_1_128' title='bbox 325 1691 417 1752; x_wconf 89' lang='lat' dir='ltr'><strong>qttem</strong></span> <span class='ocrx_word' id='word_1_129' title='bbox 437 1669 585 1752; x_wconf 86' lang='lat' dir='ltr'><strong>superius</strong></span> <span class='ocrx_word' id='word_1_130' title='bbox 609 1669 649 1731; x_wconf 89' lang='lat' dir='ltr'><strong>de</strong></span> <span class='ocrx_word' id='word_1_131' title='bbox 673 1668 813 1753; x_wconf 90' lang='lat' dir='ltr'><strong>septima,</strong></span> <span class='ocrx_word' id='word_1_132' title='bbox 832 1679 945 1731; x_wconf 92' lang='lat' dir='ltr'><strong>octava</strong></span> <span class='ocrx_word' id='word_1_133' title='bbox 968 1681 999 1730; x_wconf 87' lang='lat' dir='ltr'><strong>et</strong></span> <span class='ocrx_word' id='word_1_134' title='bbox 1021 1693 1111 1750; x_wconf 92' lang='lat' dir='ltr'><strong>nona,</strong></span> <span class='ocrx_word' id='word_1_135' title='bbox 1133 1672 1265 1736; x_wconf 88' lang='lat' dir='ltr'><strong>lectione</strong></span> 
     </span>
     <span class='ocr_line' id='line_1_18' title="bbox 115 1752 1264 1841; baseline 0.004 -26"><span class='ocrx_word' id='word_1_136' title='bbox 115 1754 349 1840; x_wconf 86' lang='lat' dir='ltr'><strong>assignavimus.</strong></span> <span class='ocrx_word' id='word_1_137' title='bbox 392 1756 489 1828; x_wconf 84' lang='lat' dir='ltr'><strong>Item,</strong></span> <span class='ocrx_word' id='word_1_138' title='bbox 518 1755 661 1818; x_wconf 90' lang='lat' dir='ltr'><strong>volumus</strong></span> <span class='ocrx_word' id='word_1_139' title='bbox 692 1755 774 1839; x_wconf 90' lang='lat' dir='ltr'><strong>quod</strong></span> <span class='ocrx_word' id='word_1_140' title='bbox 798 1754 857 1817; x_wconf 90' lang='lat' dir='ltr'><strong>sub</strong></span> <span class='ocrx_word' id='word_1_141' title='bbox 881 1752 1050 1841; x_wconf 83' lang='lat' dir='ltr'><strong>Magistris¹</strong></span> <span class='ocrx_word' id='word_1_142' title='bbox 1074 1759 1188 1820; x_wconf 88' lang='lat' dir='ltr'><strong>artium</strong></span> <span class='ocrx_word' id='word_1_143' title='bbox 1216 1781 1264 1820; x_wconf 88' lang='lat' dir='ltr'><strong>re-</strong></span> 
     </span>
     <span class='ocr_line' id='line_1_19' title="bbox 116 1840 1263 1926; baseline 0.004 -25"><span class='ocrx_word' id='word_1_144' title='bbox 116 1840 279 1923; x_wconf 88' lang='lat' dir='ltr'><strong>sponsoria</strong></span> <span class='ocrx_word' id='word_1_145' title='bbox 299 1852 422 1904; x_wconf 91' lang='lat' dir='ltr'><strong>cantent</strong></span> <span class='ocrx_word' id='word_1_146' title='bbox 444 1840 561 1903; x_wconf 90' lang='lat' dir='ltr'><strong>artium</strong></span> <span class='ocrx_word' id='word_1_147' title='bbox 583 1840 807 1918; x_wconf 83' lang='lat' dir='ltr'><strong>baccalaurei3</strong></span> <span class='ocrx_word' id='word_1_148' title='bbox 831 1852 862 1904; x_wconf 90' lang='lat' dir='ltr'><strong>et</strong></span> <span class='ocrx_word' id='word_1_149' title='bbox 877 1840 936 1902; x_wconf 89' lang='lat' dir='ltr'><strong>sub</strong></span> <span class='ocrx_word' id='word_1_150' title='bbox 953 1841 1036 1926; x_wconf 89' lang='lat' dir='ltr'><strong>juris</strong></span> <span class='ocrx_word' id='word_1_151' title='bbox 1051 1842 1263 1906; x_wconf 87' lang='lat' dir='ltr'><strong>baccalaureis</strong></span> 
     </span>
     <span class='ocr_line' id='line_1_20' title="bbox 117 1926 1263 2013; baseline 0.003 -27"><span class='ocrx_word' id='word_1_152' title='bbox 117 1928 309 2009; x_wconf 88' lang='lat' dir='ltr'><strong>responsoria</strong></span> <span class='ocrx_word' id='word_1_153' title='bbox 343 1939 469 1991; x_wconf 85' lang='lat' dir='ltr'><strong>cantent</strong></span> <span class='ocrx_word' id='word_1_154' title='bbox 497 1926 654 1990; x_wconf 87' lang='lat' dir='ltr'><strong>scholares</strong></span> <span class='ocrx_word' id='word_1_155' title='bbox 683 1949 744 1990; x_wconf 91' lang='lat' dir='ltr'><strong>non</strong></span> <span class='ocrx_word' id='word_1_156' title='bbox 777 1927 919 2012; x_wconf 88' lang='lat' dir='ltr'><strong>graduati</strong></span> <span class='ocrx_word' id='word_1_157' title='bbox 945 1927 996 1990; x_wconf 89' lang='lat' dir='ltr'><strong>vel</strong></span> <span class='ocrx_word' id='word_1_158' title='bbox 1021 1928 1187 2013; x_wconf 89' lang='lat' dir='ltr'><strong>capellani,</strong></span> <span class='ocrx_word' id='word_1_159' title='bbox 1216 1929 1263 1991; x_wconf 93' lang='lat' dir='ltr'><strong>vel</strong></span> 
     </span>
     <span class='ocr_line' id='line_1_21' title="bbox 117 2011 1264 2098; baseline 0.004 -26"><span class='ocrx_word' id='word_1_160' title='bbox 117 2012 299 2095; x_wconf 87' lang='lat' dir='ltr'><strong>capellanus</strong></span> <span class='ocrx_word' id='word_1_161' title='bbox 328 2036 402 2076; x_wconf 92' lang='lat' dir='ltr'><strong>cum</strong></span> <span class='ocrx_word' id='word_1_162' title='bbox 431 2035 490 2076; x_wconf 87' lang='lat' dir='ltr'><strong>non</strong></span> <span class='ocrx_word' id='word_1_163' title='bbox 518 2013 672 2098; x_wconf 79' lang='lat' dir='ltr'><strong>graduale</strong></span> <span class='ocrx_word' id='word_1_164' title='bbox 699 2011 845 2076; x_wconf 83' lang='lat' dir='ltr'><strong>scholari.</strong></span> <span class='ocrx_word' id='word_1_165' title='bbox 917 2012 1027 2084; x_wconf 85' lang='lat' dir='ltr'><strong>Quem</strong></span> <span class='ocrx_word' id='word_1_166' title='bbox 1055 2015 1199 2078; x_wconf 91' lang='lat' dir='ltr'><strong>ordinem</strong></span> <span class='ocrx_word' id='word_1_167' title='bbox 1223 2016 1264 2077; x_wconf 91' lang='lat' dir='ltr'><strong>de</strong></span> 
     </span>
     <span class='ocr_line' id='line_1_22' title="bbox 116 2097 1262 2183; baseline 0.003 -23"><span class='ocrx_word' id='word_1_168' title='bbox 116 2097 298 2182; x_wconf 82' lang='lat' dir='ltr'><strong>Evangeliis</strong></span> <span class='ocrx_word' id='word_1_169' title='bbox 314 2110 343 2160; x_wconf 89' lang='lat' dir='ltr'><strong>et</strong></span> <span class='ocrx_word' id='word_1_170' title='bbox 361 2098 511 2183; x_wconf 79' lang='lat' dir='ltr'><strong>lt&#39;pistolis</strong></span> <span class='ocrx_word' id='word_1_171' title='bbox 526 2099 559 2160; x_wconf 90' lang='lat' dir='ltr'><strong>in</strong></span> <span class='ocrx_word' id='word_1_172' title='bbox 575 2099 682 2162; x_wconf 88' lang='lat' dir='ltr'><strong>missis</strong></span> <span class='ocrx_word' id='word_1_173' title='bbox 696 2098 886 2162; x_wconf 88' lang='lat' dir='ltr'><strong>celebrandis</strong></span> <span class='ocrx_word' id='word_1_174' title='bbox 902 2100 1118 2162; x_wconf 85' lang='lat' dir='ltr'><strong>essevolumus</strong></span> <span class='ocrx_word' id='word_1_175' title='bbox 1129 2100 1262 2165; x_wconf 91' lang='lat' dir='ltr'><strong>omnino.</strong></span> 
     </span>
     <span class='ocr_line' id='line_1_23' title="bbox 117 2182 1265 2267; baseline 0.005 -24"><span class='ocrx_word' id='word_1_176' title='bbox 117 2182 237 2265; x_wconf 82' lang='lat' dir='ltr'><strong>Siquis</strong></span> <span class='ocrx_word' id='word_1_177' title='bbox 254 2183 346 2266; x_wconf 88' lang='lat' dir='ltr'><strong>hujus</strong></span> <span class='ocrx_word' id='word_1_178' title='bbox 367 2184 461 2247; x_wconf 87' lang='lat' dir='ltr'><strong>nostri</strong></span> <span class='ocrx_word' id='word_1_179' title='bbox 475 2186 599 2264; x_wconf 88' lang='lat' dir='ltr'><strong>decreti,</strong></span> <span class='ocrx_word' id='word_1_180' title='bbox 614 2183 814 2246; x_wconf 89' lang='lat' dir='ltr'><strong>ordinationis</strong></span> <span class='ocrx_word' id='word_1_181' title='bbox 827 2194 857 2246; x_wconf 89' lang='lat' dir='ltr'><strong>et</strong></span> <span class='ocrx_word' id='word_1_182' title='bbox 874 2184 1064 2267; x_wconf 86' lang='lat' dir='ltr'><strong>provisionis,</strong></span> <span class='ocrx_word' id='word_1_183' title='bbox 1081 2187 1265 2249; x_wconf 89' lang='lat' dir='ltr'><strong>temerarius</strong></span> 
     </span>
     <span class='ocr_line' id='line_1_24' title="bbox 116 2267 1263 2353; baseline 0.004 -26"><span class='ocrx_word' id='word_1_184' title='bbox 116 2267 247 2330; x_wconf 91' lang='lat' dir='ltr'><strong>violator</strong></span> <span class='ocrx_word' id='word_1_185' title='bbox 261 2269 408 2341; x_wconf 85' lang='lat' dir='ltr'><strong>extiterit,</strong></span> <span class='ocrx_word' id='word_1_186' title='bbox 420 2291 478 2352; x_wconf 91' lang='lat' dir='ltr'><strong>pro</strong></span> <span class='ocrx_word' id='word_1_187' title='bbox 492 2269 599 2353; x_wconf 89' lang='lat' dir='ltr'><strong>prima</strong></span> <span class='ocrx_word' id='word_1_188' title='bbox 612 2269 682 2332; x_wconf 89' lang='lat' dir='ltr'><strong>vice</strong></span> <span class='ocrx_word' id='word_1_189' title='bbox 695 2290 752 2352; x_wconf 90' lang='lat' dir='ltr'><strong>per</strong></span> <span class='ocrx_word' id='word_1_190' title='bbox 766 2269 1008 2332; x_wconf 88' lang='lat' dir='ltr'><strong>subtractionem</strong></span> <span class='ocrx_word' id='word_1_191' title='bbox 1023 2292 1263 2333; x_wconf 87' lang='lat' dir='ltr'><strong>communarum</strong></span> 
     </span>
     <span class='ocr_line' id='line_1_25' title="bbox 117 2353 1264 2438; baseline 0.003 -24"><span class='ocrx_word' id='word_1_192' title='bbox 117 2373 247 2415; x_wconf 88' lang='lat' dir='ltr'><strong>suarum</strong></span> <span class='ocrx_word' id='word_1_193' title='bbox 255 2375 313 2436; x_wconf 89' lang='lat' dir='ltr'><strong>per</strong></span> <span class='ocrx_word' id='word_1_194' title='bbox 323 2375 417 2416; x_wconf 91' lang='lat' dir='ltr'><strong>unam</strong></span> <span class='ocrx_word' id='word_1_195' title='bbox 435 2355 672 2428; x_wconf 88' lang='lat' dir='ltr'><strong>hebdomadam,</strong></span> <span class='ocrx_word' id='word_1_196' title='bbox 685 2353 821 2416; x_wconf 89' lang='lat' dir='ltr'><strong>secunda</strong></span> <span class='ocrx_word' id='word_1_197' title='bbox 834 2375 908 2417; x_wconf 89' lang='lat' dir='ltr'><strong>vero</strong></span> <span class='ocrx_word' id='word_1_198' title='bbox 920 2357 987 2416; x_wconf 91' lang='lat' dir='ltr'><strong>vice</strong></span> <span class='ocrx_word' id='word_1_199' title='bbox 997 2377 1054 2438; x_wconf 90' lang='lat' dir='ltr'><strong>per</strong></span> <span class='ocrx_word' id='word_1_200' title='bbox 1062 2355 1264 2438; x_wconf 90' lang='lat' dir='ltr'><strong>quindenam,</strong></span> 
     </span>
     <span class='ocr_line' id='line_1_26' title="bbox 117 2439 1265 2525; baseline 0.006 -27"><span class='ocrx_word' id='word_1_201' title='bbox 117 2439 209 2501; x_wconf 89' lang='lat' dir='ltr'><strong>tertia</strong></span> <span class='ocrx_word' id='word_1_202' title='bbox 223 2448 329 2501; x_wconf 87' lang='lat' dir='ltr'><strong>autem</strong></span> <span class='ocrx_word' id='word_1_203' title='bbox 343 2461 401 2523; x_wconf 89' lang='lat' dir='ltr'><strong>per</strong></span> <span class='ocrx_word' id='word_1_204' title='bbox 414 2461 563 2513; x_wconf 89' lang='lat' dir='ltr'><strong>mensem,</strong></span> <span class='ocrx_word' id='word_1_205' title='bbox 574 2440 642 2522; x_wconf 89' lang='lat' dir='ltr'><strong>ipso</strong></span> <span class='ocrx_word' id='word_1_206' title='bbox 657 2441 742 2503; x_wconf 88' lang='lat' dir='ltr'><strong>facto</strong></span> <span class='ocrx_word' id='word_1_207' title='bbox 757 2462 831 2502; x_wconf 90' lang='lat' dir='ltr'><strong>eum</strong></span> <span class='ocrx_word' id='word_1_208' title='bbox 839 2439 953 2522; x_wconf 89' lang='lat' dir='ltr'><strong>puniri.</strong></span> <span class='ocrx_word' id='word_1_209' title='bbox 998 2440 1033 2502; x_wconf 85' lang='lat' dir='ltr'><strong>Si</strong></span> <span class='ocrx_word' id='word_1_210' title='bbox 1040 2455 1145 2504; x_wconf 89' lang='lat' dir='ltr'><strong>autem</strong></span> <span class='ocrx_word' id='word_1_211' title='bbox 1154 2453 1265 2525; x_wconf 93' lang='lat' dir='ltr'><strong>quarto</strong></span> 
     </span>
     <span class='ocr_line' id='line_1_27' title="bbox 116 2521 1264 2610; baseline 0.007 -26"><span class='ocrx_word' id='word_1_212' title='bbox 116 2521 148 2586; x_wconf 89' lang='lat' dir='ltr'><strong>in</strong></span> <span class='ocrx_word' id='word_1_213' title='bbox 158 2546 194 2585; x_wconf 87' lang='lat' dir='ltr'><strong>ea</strong></span> <span class='ocrx_word' id='word_1_214' title='bbox 210 2536 299 2608; x_wconf 89' lang='lat' dir='ltr'><strong>parte</strong></span> <span class='ocrx_word' id='word_1_215' title='bbox 310 2526 485 2608; x_wconf 89' lang='lat' dir='ltr'><strong>delinquat,</strong></span> <span class='ocrx_word' id='word_1_216' title='bbox 494 2547 533 2588; x_wconf 86' lang='lat' dir='ltr'><strong>ex</strong></span> <span class='ocrx_word' id='word_1_217' title='bbox 543 2525 672 2610; x_wconf 88' lang='lat' dir='ltr'><strong>collegio</strong></span> <span class='ocrx_word' id='word_1_218' title='bbox 683 2535 854 2588; x_wconf 88' lang='lat' dir='ltr'><strong>memorato</strong></span> <span class='ocrx_word' id='word_1_219' title='bbox 863 2547 937 2588; x_wconf 91' lang='lat' dir='ltr'><strong>eum</strong></span> <span class='ocrx_word' id='word_1_220' title='bbox 945 2537 1094 2610; x_wconf 89' lang='lat' dir='ltr'><strong>perpetuo</strong></span> <span class='ocrx_word' id='word_1_221' title='bbox 1102 2526 1264 2592; x_wconf 86' lang='lat' dir='ltr'><strong>exclusum</strong></span> 
     </span>
     <span class='ocr_line' id='line_1_28' title="bbox 115 2608 1263 2694; baseline 0.004 -25"><span class='ocrx_word' id='word_1_222' title='bbox 115 2608 192 2688; x_wconf 88' lang='lat' dir='ltr'><strong>fore,</strong></span> <span class='ocrx_word' id='word_1_223' title='bbox 207 2612 277 2694; x_wconf 91' lang='lat' dir='ltr'><strong>ipso</strong></span> <span class='ocrx_word' id='word_1_224' title='bbox 299 2610 395 2690; x_wconf 80' lang='lat' dir='ltr'><strong>lacto,</strong></span> <span class='ocrx_word' id='word_1_225' title='bbox 410 2613 569 2689; x_wconf 60' lang='lat' dir='ltr'><strong>volumus</strong></span> <span class='ocrx_word' id='word_1_226' title='bbox 591 2611 771 2691; x_wconf 76' lang='lat' dir='ltr'><strong>statuimus,</strong></span> <span class='ocrx_word' id='word_1_227' title='bbox 791 2611 983 2676; x_wconf 87' lang='lat' dir='ltr'><strong>decrevimus</strong></span> <span class='ocrx_word' id='word_1_228' title='bbox 1002 2624 1032 2674; x_wconf 92' lang='lat' dir='ltr'><strong>et</strong></span> <span class='ocrx_word' id='word_1_229' title='bbox 1055 2613 1263 2693; x_wconf 89' lang='lat' dir='ltr'><strong>declaramus,</strong></span> 
     </span>
     <span class='ocr_line' id='line_1_29' title="bbox 116 2695 1264 2784; baseline 0.005 -28"><span class='ocrx_word' id='word_1_230' title='bbox 116 2717 172 2779; x_wconf 90' lang='lat' dir='ltr'><strong>per</strong></span> <span class='ocrx_word' id='word_1_231' title='bbox 186 2708 360 2780; x_wconf 82' lang='lat' dir='ltr'><strong>praesentes.</strong></span> <span class='ocrx_word' id='word_1_232' title='bbox 405 2698 442 2761; x_wconf 92' lang='lat' dir='ltr'><strong>In</strong></span> <span class='ocrx_word' id='word_1_233' title='bbox 458 2695 547 2779; x_wconf 90' lang='lat' dir='ltr'><strong>cujus</strong></span> <span class='ocrx_word' id='word_1_234' title='bbox 562 2697 604 2758; x_wconf 88' lang='lat' dir='ltr'><strong>rei</strong></span> <span class='ocrx_word' id='word_1_235' title='bbox 626 2697 846 2776; x_wconf 89' lang='lat' dir='ltr'><strong>testimoninm,</strong></span> <span class='ocrx_word' id='word_1_236' title='bbox 860 2698 1003 2782; x_wconf 86' lang='lat' dir='ltr'><strong>sigillum</strong></span> <span class='ocrx_word' id='word_1_237' title='bbox 1024 2708 1164 2761; x_wconf 89' lang='lat' dir='ltr'><strong>nostrum</strong></span> <span class='ocrx_word' id='word_1_238' title='bbox 1184 2722 1264 2784; x_wconf 86' lang='lat' dir='ltr'><strong>prae·</strong></span> 
     </span>
     <span class='ocr_line' id='line_1_30' title="bbox 117 2782 1262 2868; baseline 0.003 -24"><span class='ocrx_word' id='word_1_239' title='bbox 117 2782 255 2845; x_wconf 85' lang='lat' dir='ltr'><strong>sentibus</strong></span> <span class='ocrx_word' id='word_1_240' title='bbox 269 2794 315 2845; x_wconf 88' lang='lat' dir='ltr'><strong>est</strong></span> <span class='ocrx_word' id='word_1_241' title='bbox 331 2806 517 2868; x_wconf 88' lang='lat' dir='ltr'><strong>appensum.</strong></span> <span class='ocrx_word' id='word_1_242' title='bbox 564 2783 687 2846; x_wconf 89' lang='lat' dir='ltr'><strong>Datum</strong></span> <span class='ocrx_word' id='word_1_243' title='bbox 710 2784 743 2845; x_wconf 92' lang='lat' dir='ltr'><strong>in</strong></span> <span class='ocrx_word' id='word_1_244' title='bbox 760 2785 899 2846; x_wconf 90' lang='lat' dir='ltr'><strong>manerio</strong></span> <span class='ocrx_word' id='word_1_245' title='bbox 917 2795 1020 2848; x_wconf 88' lang='lat' dir='ltr'><strong>nostro</strong></span> <span class='ocrx_word' id='word_1_246' title='bbox 1033 2785 1073 2847; x_wconf 91' lang='lat' dir='ltr'><strong>de</strong></span> <span class='ocrx_word' id='word_1_247' title='bbox 1091 2785 1262 2864; x_wconf 89' lang='lat' dir='ltr'><strong>Lamheth,</strong></span> 
     </span>
     <span class='ocr_line' id='line_1_31' title="bbox 115 2866 1263 2956; baseline 0.005 -28"><span class='ocrx_word' id='word_1_248' title='bbox 115 2866 192 2933; x_wconf 82' lang='lat' dir='ltr'><strong>xxi⁰.</strong></span> <span class='ocrx_word' id='word_1_249' title='bbox 213 2869 263 2931; x_wconf 90' lang='lat' dir='ltr'><strong>die</strong></span> <span class='ocrx_word' id='word_1_250' title='bbox 277 2870 394 2932; x_wconf 91' lang='lat' dir='ltr'><strong>mensis</strong></span> <span class='ocrx_word' id='word_1_251' title='bbox 418 2870 536 2941; x_wconf 86' lang='lat' dir='ltr'><strong>Martii,</strong></span> <span class='ocrx_word' id='word_1_252' title='bbox 559 2890 637 2931; x_wconf 91' lang='lat' dir='ltr'><strong>anno</strong></span> <span class='ocrx_word' id='word_1_253' title='bbox 654 2868 790 2933; x_wconf 92' lang='lat' dir='ltr'><strong>Domini</strong></span> <span class='ocrx_word' id='word_1_254' title='bbox 812 2869 984 2934; x_wconf 90' lang='lat' dir='ltr'><strong>millesimo</strong></span> <span class='ocrx_word' id='word_1_255' title='bbox 1003 2872 1263 2956; x_wconf 82' lang='lat' dir='ltr'><strong>quingentesimo,</strong></span> 
     </span>
     <span class='ocr_line' id='line_1_32' title="bbox 114 2954 855 3038; baseline 0.004 -25"><span class='ocrx_word' id='word_1_256' title='bbox 114 2966 145 3014; x_wconf 87' lang='lat' dir='ltr'><strong>et</strong></span> <span class='ocrx_word' id='word_1_257' title='bbox 158 2965 269 3018; x_wconf 82' lang='lat' dir='ltr'><strong>nostrae</strong></span> <span class='ocrx_word' id='word_1_258' title='bbox 283 2955 490 3020; x_wconf 89' lang='lat' dir='ltr'><strong>translationis</strong></span> <span class='ocrx_word' id='word_1_259' title='bbox 504 2976 582 3020; x_wconf 80' lang='lat' dir='ltr'><strong>armo</strong></span> <span class='ocrx_word' id='word_1_260' title='bbox 596 2971 706 3038; x_wconf 88' lang='lat' dir='ltr'><strong>quarto</strong></span> <span class='ocrx_word' id='word_1_261' title='bbox 721 2954 855 3019; x_wconf 91' lang='lat' dir='ltr'><strong>decimo.</strong></span> 
     </span>
    </p>
   </div>
   <div class='ocr_carea' id='block_1_3' title="bbox 166 3269 1211 3437">
    <p class='ocr_par' dir='ltr' id='par_1_3' title="bbox 166 3269 1211 3437">
     <span class='ocr_line' id='line_1_33' title="bbox 166 3269 1211 3354; baseline -0.003 -21"><span class='ocrx_word' id='word_1_262' title='bbox 166 3270 218 3333; x_wconf 84' lang='lat' dir='ltr'><strong>De</strong></span> <span class='ocrx_word' id='word_1_263' title='bbox 231 3270 488 3354; x_wconf 79' lang='lat' dir='ltr'><strong>disputationibus</strong></span> <span class='ocrx_word' id='word_1_264' title='bbox 501 3271 713 3352; x_wconf 64' lang='lat' dir='ltr'><strong>theotmar-um,</strong></span> <span class='ocrx_word' id='word_1_265' title='bbox 728 3290 766 3333; x_wconf 84' lang='lat' dir='ltr'><strong>ac</strong></span> <span class='ocrx_word' id='word_1_266' title='bbox 776 3271 812 3332; x_wconf 85' lang='lat' dir='ltr'><strong>de</strong></span> <span class='ocrx_word' id='word_1_267' title='bbox 825 3273 911 3334; x_wconf 87' lang='lat' dir='ltr'><strong>modo</strong></span> <span class='ocrx_word' id='word_1_268' title='bbox 923 3281 951 3333; x_wconf 85' lang='lat' dir='ltr'><strong>et</strong></span> <span class='ocrx_word' id='word_1_269' title='bbox 954 3272 1065 3354; x_wconf 85' lang='lat' dir='ltr'><strong>forma</strong></span> <span class='ocrx_word' id='word_1_270' title='bbox 1079 3269 1211 3354; x_wconf 68' lang='lat' dir='ltr'><strong>elipandi</strong></span> 
     </span>
     <span class='ocr_line' id='line_1_34' title="bbox 449 3353 935 3437; baseline -0.002 -19"><span class='ocrx_word' id='word_1_271' title='bbox 449 3356 588 3419; x_wconf 74' lang='lat' dir='ltr'><strong>Hectoris</strong></span> <span class='ocrx_word' id='word_1_272' title='bbox 602 3355 784 3427; x_wconf 64' lang='lat' dir='ltr'><strong>eorundem</strong></span> <span class='ocrx_word' id='word_1_273' title='bbox 811 3353 935 3437; x_wconf 74' lang='lat' dir='ltr'><strong>[tata]</strong></span> 
     </span>
    </p>
   </div>
   <div class='ocr_carea' id='block_1_4' title="bbox 36 3485 1305 4518">
    <p class='ocr_par' dir='ltr' id='par_1_4' title="bbox 114 3485 1263 4087">
     <span class='ocr_line' id='line_1_35' title="bbox 158 3485 1263 3585; baseline 0.002 -36"><span class='ocrx_word' id='word_1_274' title='bbox 158 3486 344 3550; x_wconf 89' lang='lat' dir='ltr'><strong>Willielmus</strong></span> <span class='ocrx_word' id='word_1_275' title='bbox 358 3485 553 3574; x_wconf 87' lang='lat' dir='ltr'><strong>[Warham],</strong></span> <span class='ocrx_word' id='word_1_276' title='bbox 567 3487 767 3585; x_wconf 88' lang='lat' dir='ltr'><strong>permissione</strong></span> <span class='ocrx_word' id='word_1_277' title='bbox 776 3486 878 3550; x_wconf 90' lang='lat' dir='ltr'><strong>divina</strong></span> <span class='ocrx_word' id='word_1_278' title='bbox 889 3487 1121 3550; x_wconf 90' lang='lat' dir='ltr'><strong>Cantnariensis</strong></span> <span class='ocrx_word' id='word_1_279' title='bbox 1133 3487 1263 3551; x_wconf 83' lang='lat' dir='ltr'><strong>Archia·</strong></span> 
     </span>
     <span class='ocr_line' id='line_1_36' title="bbox 114 3571 1262 3658; baseline 0.003 -25"><span class='ocrx_word' id='word_1_280' title='bbox 114 3572 272 3658; x_wconf 82' lang='lat' dir='ltr'><strong>piscopos,</strong></span> <span class='ocrx_word' id='word_1_281' title='bbox 282 3575 376 3636; x_wconf 86' lang='lat' dir='ltr'><strong>totius</strong></span> <span class='ocrx_word' id='word_1_282' title='bbox 386 3571 513 3658; x_wconf 84' lang='lat' dir='ltr'><strong>Angliae</strong></span> <span class='ocrx_word' id='word_1_283' title='bbox 528 3575 645 3636; x_wconf 86' lang='lat' dir='ltr'><strong>anas</strong></span> <span class='ocrx_word' id='word_1_284' title='bbox 654 3585 682 3635; x_wconf 91' lang='lat' dir='ltr'><strong>et</strong></span> <span class='ocrx_word' id='word_1_285' title='bbox 692 3571 880 3656; x_wconf 84' lang='lat' dir='ltr'><strong>Apostolicae</strong></span> <span class='ocrx_word' id='word_1_286' title='bbox 892 3574 973 3636; x_wconf 89' lang='lat' dir='ltr'><strong>sedis</strong></span> <span class='ocrx_word' id='word_1_287' title='bbox 982 3573 1131 3658; x_wconf 87' lang='lat' dir='ltr'><strong>Legatus,</strong></span> <span class='ocrx_word' id='word_1_288' title='bbox 1142 3573 1262 3636; x_wconf 85' lang='lat' dir='ltr'><strong>dilectis</strong></span> 
     </span>
     <span class='ocr_line' id='line_1_37' title="bbox 115 3657 1260 3744; baseline 0.002 -24"><span class='ocrx_word' id='word_1_289' title='bbox 115 3660 147 3720; x_wconf 93' lang='lat' dir='ltr'><strong>in</strong></span> <span class='ocrx_word' id='word_1_290' title='bbox 163 3659 291 3724; x_wconf 85' lang='lat' dir='ltr'><strong>Christo</strong></span> <span class='ocrx_word' id='word_1_291' title='bbox 305 3657 375 3720; x_wconf 88' lang='lat' dir='ltr'><strong>filiis</strong></span> <span class='ocrx_word' id='word_1_292' title='bbox 391 3658 530 3730; x_wconf 85' lang='lat' dir='ltr'><strong>Custodi,</strong></span> <span class='ocrx_word' id='word_1_293' title='bbox 548 3658 646 3721; x_wconf 89' lang='lat' dir='ltr'><strong>Sociis</strong></span> <span class='ocrx_word' id='word_1_294' title='bbox 660 3665 693 3722; x_wconf 88' lang='lat' dir='ltr'><strong>et</strong></span> <span class='ocrx_word' id='word_1_295' title='bbox 708 3657 909 3730; x_wconf 90' lang='lat' dir='ltr'><strong>scholaribus,</strong></span> <span class='ocrx_word' id='word_1_296' title='bbox 926 3657 1061 3744; x_wconf 86' lang='lat' dir='ltr'><strong>Collegii</strong></span> <span class='ocrx_word' id='word_1_297' title='bbox 1075 3660 1168 3722; x_wconf 87' lang='lat' dir='ltr'><strong>nostri</strong></span> <span class='ocrx_word' id='word_1_298' title='bbox 1184 3659 1260 3723; x_wconf 90' lang='lat' dir='ltr'><strong>Ani·</strong></span> 
     </span>
     <span class='ocr_line' id='line_1_38' title="bbox 114 3742 1262 3830; baseline 0 -23"><span class='ocrx_word' id='word_1_299' title='bbox 114 3767 237 3807; x_wconf 89' lang='lat' dir='ltr'><strong>marum</strong></span> <span class='ocrx_word' id='word_1_300' title='bbox 254 3744 405 3807; x_wconf 87' lang='lat' dir='ltr'><strong>Omnium</strong></span> <span class='ocrx_word' id='word_1_301' title='bbox 422 3744 578 3807; x_wconf 86' lang='lat' dir='ltr'><strong>Fidelium</strong></span> <span class='ocrx_word' id='word_1_302' title='bbox 593 3742 820 3807; x_wconf 80' lang='lat' dir='ltr'><strong>Defunctorum</strong></span> <span class='ocrx_word' id='word_1_303' title='bbox 836 3745 867 3806; x_wconf 93' lang='lat' dir='ltr'><strong>in</strong></span> <span class='ocrx_word' id='word_1_304' title='bbox 882 3744 1015 3816; x_wconf 85' lang='lat' dir='ltr'><strong>Oxcnia,</strong></span> <span class='ocrx_word' id='word_1_305' title='bbox 1030 3744 1174 3824; x_wconf 90' lang='lat' dir='ltr'><strong>salntem,</strong></span> <span class='ocrx_word' id='word_1_306' title='bbox 1193 3766 1262 3830; x_wconf 87' lang='lat' dir='ltr'><strong>gra-</strong></span> 
     </span>
     <span class='ocr_line' id='line_1_39' title="bbox 115 3829 1263 3910; baseline -0.001 -16"><span class='ocrx_word' id='word_1_307' title='bbox 115 3831 192 3894; x_wconf 87' lang='lat' dir='ltr'><strong>tiam</strong></span> <span class='ocrx_word' id='word_1_308' title='bbox 215 3843 246 3893; x_wconf 88' lang='lat' dir='ltr'><strong>et</strong></span> <span class='ocrx_word' id='word_1_309' title='bbox 266 3830 521 3895; x_wconf 84' lang='lat' dir='ltr'><strong>benedictionem.</strong></span> <span class='ocrx_word' id='word_1_310' title='bbox 566 3829 675 3906; x_wconf 84' lang='lat' dir='ltr'><strong>Quum</strong></span> <span class='ocrx_word' id='word_1_311' title='bbox 699 3851 739 3892; x_wconf 89' lang='lat' dir='ltr'><strong>ex</strong></span> <span class='ocrx_word' id='word_1_312' title='bbox 762 3829 950 3910; x_wconf 88' lang='lat' dir='ltr'><strong>fundatione,</strong></span> <span class='ocrx_word' id='word_1_313' title='bbox 967 3852 1080 3894; x_wconf 91' lang='lat' dir='ltr'><strong>necnon</strong></span> <span class='ocrx_word' id='word_1_314' title='bbox 1094 3840 1125 3892; x_wconf 92' lang='lat' dir='ltr'><strong>et</strong></span> <span class='ocrx_word' id='word_1_315' title='bbox 1140 3833 1263 3894; x_wconf 88' lang='lat' dir='ltr'><strong>statutis</strong></span> 
     </span>
     <span class='ocr_line' id='line_1_40' title="bbox 115 3915 1262 4002; baseline 0.001 -24"><span class='ocrx_word' id='word_1_316' title='bbox 115 3929 145 3979; x_wconf 88' lang='lat' dir='ltr'><strong>et</strong></span> <span class='ocrx_word' id='word_1_317' title='bbox 171 3917 411 3980; x_wconf 90' lang='lat' dir='ltr'><strong>ordinationibus</strong></span> <span class='ocrx_word' id='word_1_318' title='bbox 434 3915 570 4002; x_wconf 91' lang='lat' dir='ltr'><strong>Collegii</strong></span> <span class='ocrx_word' id='word_1_319' title='bbox 597 3917 693 3980; x_wconf 89' lang='lat' dir='ltr'><strong>nostri</strong></span> <span class='ocrx_word' id='word_1_320' title='bbox 717 3915 869 3993; x_wconf 86' lang='lat' dir='ltr'><strong>antedicti,</strong></span> <span class='ocrx_word' id='word_1_321' title='bbox 897 3938 1048 3979; x_wconf 91' lang='lat' dir='ltr'><strong>novomm</strong></span> <span class='ocrx_word' id='word_1_322' title='bbox 1076 3927 1262 3979; x_wconf 85' lang='lat' dir='ltr'><strong>statutomm</strong></span> 
     </span>
     <span class='ocr_line' id='line_1_41' title="bbox 114 4001 1263 4087; baseline -0.001 -23"><span class='ocrx_word' id='word_1_323' title='bbox 114 4004 219 4080; x_wconf 89' lang='lat' dir='ltr'><strong>editio,</strong></span> <span class='ocrx_word' id='word_1_324' title='bbox 235 4019 266 4066; x_wconf 91' lang='lat' dir='ltr'><strong>et</strong></span> <span class='ocrx_word' id='word_1_325' title='bbox 280 4015 349 4065; x_wconf 88' lang='lat' dir='ltr'><strong>ante</strong></span> <span class='ocrx_word' id='word_1_326' title='bbox 363 4004 420 4066; x_wconf 95' lang='lat' dir='ltr'><strong>hoc</strong></span> <span class='ocrx_word' id='word_1_327' title='bbox 439 4003 593 4066; x_wconf 89' lang='lat' dir='ltr'><strong>editorum</strong></span> <span class='ocrx_word' id='word_1_328' title='bbox 611 4001 778 4064; x_wconf 88' lang='lat' dir='ltr'><strong>declaratio</strong></span> <span class='ocrx_word' id='word_1_329' title='bbox 800 4002 1079 4087; x_wconf 88' lang='lat' dir='ltr'><strong>interpretatioque,</strong></span> <span class='ocrx_word' id='word_1_330' title='bbox 1101 4003 1142 4064; x_wconf 90' lang='lat' dir='ltr'><strong>ad</strong></span> <span class='ocrx_word' id='word_1_331' title='bbox 1163 4025 1218 4066; x_wconf 91' lang='lat' dir='ltr'><strong>nos</strong></span> <span class='ocrx_word' id='word_1_332' title='bbox 1232 4015 1263 4064; x_wconf 89' lang='lat' dir='ltr'><strong>et</strong></span> 
     </span>
    </p>

    <p class='ocr_par' dir='ltr' id='par_1_5' title="bbox 36 4086 1305 4518">
     <span class='ocr_line' id='line_1_42' title="bbox 36 4086 1305 4174; baseline -0.003 -22"><span class='ocrx_word' id='word_1_333' title='bbox 36 4159 44 4174; x_wconf 92' lang='lat'><strong>.</strong></span> <span class='ocrx_word' id='word_1_334' title='bbox 113 4111 298 4152; x_wconf 86' lang='lat' dir='ltr'><strong>successores</strong></span> <span class='ocrx_word' id='word_1_335' title='bbox 324 4101 452 4160; x_wconf 86' lang='lat' dir='ltr'><strong>nostros,</strong></span> <span class='ocrx_word' id='word_1_336' title='bbox 478 4087 722 4152; x_wconf 89' lang='lat' dir='ltr'><strong>Cantuarienses</strong></span> <span class='ocrx_word' id='word_1_337' title='bbox 738 4086 1007 4171; x_wconf 88' lang='lat' dir='ltr'><strong>Archiepiscopos,</strong></span> <span class='ocrx_word' id='word_1_338' title='bbox 1031 4089 1146 4150; x_wconf 88' lang='lat' dir='ltr'><strong>notorie</strong></span> <span class='ocrx_word' id='word_1_339' title='bbox 1171 4088 1263 4171; x_wconf 89' lang='lat' dir='ltr'><strong>perti·</strong></span> <span class='ocrx_word' id='word_1_340' title='bbox 1301 4165 1305 4173; x_wconf 30' lang='grc' dir='ltr'>Ι</span> 
     </span>
     <span class='ocr_line' id='line_1_43' title="bbox 115 4173 1264 4261; baseline -0.001 -26"><span class='ocrx_word' id='word_1_341' title='bbox 115 4195 188 4237; x_wconf 88' lang='lat' dir='ltr'><strong>nere</strong></span> <span class='ocrx_word' id='word_1_342' title='bbox 207 4186 392 4252; x_wconf 89' lang='lat' dir='ltr'><strong>noscantur;</strong></span> <span class='ocrx_word' id='word_1_343' title='bbox 427 4196 598 4261; x_wconf 88' lang='lat' dir='ltr'><strong>quumque,</strong></span> <span class='ocrx_word' id='word_1_344' title='bbox 625 4177 719 4258; x_wconf 80' lang='lat' dir='ltr'><strong>juxta</strong></span> <span class='ocrx_word' id='word_1_345' title='bbox 748 4184 865 4236; x_wconf 85' lang='lat' dir='ltr'><strong>statuta</strong></span> <span class='ocrx_word' id='word_1_346' title='bbox 887 4186 917 4236; x_wconf 87' lang='lat' dir='ltr'><strong>et</strong></span> <span class='ocrx_word' id='word_1_347' title='bbox 936 4173 1144 4236; x_wconf 89' lang='lat' dir='ltr'><strong>ordinationes</strong></span> <span class='ocrx_word' id='word_1_348' title='bbox 1169 4173 1264 4236; x_wconf 90' lang='lat' dir='ltr'><strong>l&#39;elicis</strong></span> 
     </span>
     <span class='ocr_line' id='line_1_44' title="bbox 114 4257 1261 4344; baseline -0.002 -22"><span class='ocrx_word' id='word_1_349' title='bbox 114 4260 336 4324; x_wconf 88' lang='lat' dir='ltr'><strong>recordationis</strong></span> <span class='ocrx_word' id='word_1_350' title='bbox 355 4259 470 4324; x_wconf 89' lang='lat' dir='ltr'><strong>domini</strong></span> <span class='ocrx_word' id='word_1_351' title='bbox 494 4260 623 4323; x_wconf 87' lang='lat' dir='ltr'><strong>Henrioi</strong></span> <span class='ocrx_word' id='word_1_352' title='bbox 644 4257 825 4344; x_wconf 87' lang='lat' dir='ltr'><strong>Chicheley,</strong></span> <span class='ocrx_word' id='word_1_353' title='bbox 843 4258 1070 4324; x_wconf 86' lang='lat' dir='ltr'><strong>Cantnariensis</strong></span> <span class='ocrx_word' id='word_1_354' title='bbox 1088 4258 1261 4342; x_wconf 87' lang='lat' dir='ltr'><strong>Archiepis·</strong></span> 
     </span>
     <span class='ocr_line' id='line_1_45' title="bbox 114 4343 1263 4430; baseline -0.002 -22"><span class='ocrx_word' id='word_1_355' title='bbox 114 4346 194 4428; x_wconf 91' lang='lat' dir='ltr'><strong>copi,</strong></span> <span class='ocrx_word' id='word_1_356' title='bbox 217 4346 449 4428; x_wconf 82' lang='lat' dir='ltr'><strong>praedecessoris</strong></span> <span class='ocrx_word' id='word_1_357' title='bbox 472 4347 575 4417; x_wconf 91' lang='lat' dir='ltr'><strong>nostri,</strong></span> <span class='ocrx_word' id='word_1_358' title='bbox 600 4345 789 4409; x_wconf 83' lang='lat' dir='ltr'><strong>Fundatoris</strong></span> <span class='ocrx_word' id='word_1_359' title='bbox 812 4343 946 4430; x_wconf 82' lang='lat' dir='ltr'><strong>Collegii</strong></span> <span class='ocrx_word' id='word_1_360' title='bbox 968 4345 1098 4429; x_wconf 75' lang='lat' dir='ltr'><strong>praefati,</strong></span> <span class='ocrx_word' id='word_1_361' title='bbox 1124 4344 1263 4428; x_wconf 85' lang='lat' dir='ltr'><strong>theologi</strong></span> 
     </span>
     <span class='ocr_line' id='line_1_46' title="bbox 114 4428 1263 4518; baseline -0.003 -23"><span class='ocrx_word' id='word_1_362' title='bbox 114 4432 256 4517; x_wconf 83' lang='lat' dir='ltr'><strong>ejusdem</strong></span> <span class='ocrx_word' id='word_1_363' title='bbox 272 4431 418 4515; x_wconf 76' lang='lat' dir='ltr'><strong>collegii,</strong></span> <span class='ocrx_word' id='word_1_364' title='bbox 434 4430 565 4518; x_wconf 88' lang='lat' dir='ltr'><strong>singulis</strong></span> <span class='ocrx_word' id='word_1_365' title='bbox 583 4431 762 4516; x_wconf 88' lang='lat' dir='ltr'><strong>septimanis</strong></span> <span class='ocrx_word' id='word_1_366' title='bbox 785 4433 819 4494; x_wconf 89' lang='lat' dir='ltr'><strong>in</strong></span> <span class='ocrx_word' id='word_1_367' title='bbox 842 4428 933 4515; x_wconf 91' lang='lat' dir='ltr'><strong>pleno</strong></span> <span class='ocrx_word' id='word_1_368' title='bbox 957 4433 1101 4505; x_wconf 90' lang='lat' dir='ltr'><strong>termino,</strong></span> <span class='ocrx_word' id='word_1_369' title='bbox 1124 4450 1184 4492; x_wconf 89' lang='lat' dir='ltr'><strong>uno</strong></span> <span class='ocrx_word' id='word_1_370' title='bbox 1202 4430 1263 4509; x_wconf 85' lang='lat' dir='ltr'><strong>die,</strong></span> 
     </span>
    </p>
   </div>
   <div class='ocr_carea' id='block_1_5' title="bbox 1303 4488 1383 4592">
    <p class='ocr_par' dir='ltr' id='par_1_6' title="bbox 1303 4488 1383 4592">
     <span class='ocr_line' id='line_1_47' title="bbox 1303 4488 1383 4592; baseline 0 0"><span class='ocrx_word' id='word_1_371' title='bbox 1303 4488 1383 4592; x_wconf 74' lang='grc' dir='ltr'><strong>,Δ</strong></span> 
     </span>
    </p>
   </div>
   <div class='ocr_carea' id='block_1_6' title="bbox 0 0 1512 4898">
    <p class='ocr_par' dir='ltr' id='par_1_7' title="bbox 0 0 1512 4898">
     <span class='ocr_line' id='line_1_48' title="bbox 0 0 1512 4898; baseline 0 0"><span class='ocrx_word' id='word_1_372' title='bbox 0 0 1512 4898; x_wconf 95' lang='lat' dir='ltr'><strong> </strong></span> 
     </span>
    </p>
   </div>
  </div>
 </body>
</html>
