<?xml version="1.0" encoding="UTF-8"?>
<!DOCTYPE html PUBLIC "-//W3C//DTD XHTML 1.0 Transitional//EN"
    "http://www.w3.org/TR/xhtml1/DTD/xhtml1-transitional.dtd">
<html xmlns="http://www.w3.org/1999/xhtml" xml:lang="en" lang="en">
 <head>
  <title>
</title>
<meta http-equiv="Content-Type" content="text/html;charset=utf-8" />
  <meta name='ocr-system' content='tesseract 3.04.00' />
  <meta name='ocr-capabilities' content='ocr_page ocr_carea ocr_par ocr_line ocrx_word'/>
</head>
<body>
  <div class='ocr_page' id='page_1' title='image "./statutescollege01bondgoog_0010.png"; bbox 0 0 3014 4898; ppageno 0'>
   <div class='ocr_carea' id='block_1_1' title="bbox 441 271 1268 356">
    <p class='ocr_par' dir='ltr' id='par_1_1' title="bbox 441 271 1268 356">
     <span class='ocr_line' id='line_1_1' title="bbox 441 271 1268 356; baseline 0 -22"><span class='ocrx_word' id='word_1_1' title='bbox 441 271 549 356; x_wconf 81' lang='lat' dir='ltr'>Royal</span> <span class='ocrx_word' id='word_1_2' title='bbox 560 271 728 354; x_wconf 79' lang='lat' dir='ltr'>Potentes</span> <span class='ocrx_word' id='word_1_3' title='bbox 736 271 940 336; x_wconf 84' lang='lat' dir='ltr'>Foundation.</span> <span class='ocrx_word' id='word_1_4' title='bbox 1247 272 1268 334; x_wconf 82' lang='lat'>5</span> 
     </span>
    </p>
   </div>
   <div class='ocr_carea' id='block_1_2' title="bbox 115 440 1268 4576">
    <p class='ocr_par' dir='ltr' id='par_1_2' title="bbox 115 440 1268 4576">
     <span class='ocr_line' id='line_1_2' title="bbox 117 440 1267 522; baseline 0.002 -18"><span class='ocrx_word' id='word_1_5' title='bbox 117 440 205 504; x_wconf 90' lang='lat' dir='ltr'>sione</span> <span class='ocrx_word' id='word_1_6' title='bbox 221 440 354 506; x_wconf 86' lang='lat' dir='ltr'>Thomae</span> <span class='ocrx_word' id='word_1_7' title='bbox 368 441 521 506; x_wconf 89' lang='lat' dir='ltr'>Chichele</span> <span class='ocrx_word' id='word_1_8' title='bbox 535 440 755 505; x_wconf 79' lang='lat' dir='ltr'>archidiaconi</span> <span class='ocrx_word' id='word_1_9' title='bbox 768 440 1019 522; x_wconf 69' lang='lat' dir='ltr'>cantuariensis,</span> <span class='ocrx_word' id='word_1_10' title='bbox 1032 442 1169 508; x_wconf 88' lang='lat' dir='ltr'>Henrici</span> <span class='ocrx_word' id='word_1_11' title='bbox 1187 443 1267 506; x_wconf 91' lang='lat' dir='ltr'>Pen-</span> 
     </span>
     <span class='ocr_line' id='line_1_3' title="bbox 116 527 1265 606; baseline 0.003 -16"><span class='ocrx_word' id='word_1_12' title='bbox 116 527 266 591; x_wconf 85' lang='lat' dir='ltr'>northam</span> <span class='ocrx_word' id='word_1_13' title='bbox 291 528 400 592; x_wconf 89' lang='lat' dir='ltr'>clerici</span> <span class='ocrx_word' id='word_1_14' title='bbox 423 542 454 590; x_wconf 93' lang='lat' dir='ltr'>et</span> <span class='ocrx_word' id='word_1_15' title='bbox 479 528 609 592; x_wconf 89' lang='lat' dir='ltr'>Roberti</span> <span class='ocrx_word' id='word_1_16' title='bbox 635 528 788 606; x_wconf 85' lang='lat' dir='ltr'>Davuers,</span> <span class='ocrx_word' id='word_1_17' title='bbox 805 529 1000 590; x_wconf 83' lang='lat' dir='ltr'>leoffatorum</span> <span class='ocrx_word' id='word_1_18' title='bbox 1023 530 1096 593; x_wconf 89' lang='lat' dir='ltr'>inde</span> <span class='ocrx_word' id='word_1_19' title='bbox 1116 532 1155 592; x_wconf 88' lang='lat' dir='ltr'>ad</span> <span class='ocrx_word' id='word_1_20' title='bbox 1171 553 1265 593; x_wconf 91' lang='lat' dir='ltr'>usum</span> 
     </span>
     <span class='ocr_line' id='line_1_4' title="bbox 116 614 1265 699; baseline 0.002 -23"><span class='ocrx_word' id='word_1_21' title='bbox 116 615 239 697; x_wconf 84' lang='lat' dir='ltr'>praefati</span> <span class='ocrx_word' id='word_1_22' title='bbox 253 614 423 699; x_wconf 90' lang='lat' dir='ltr'>compatris</span> <span class='ocrx_word' id='word_1_23' title='bbox 438 616 552 690; x_wconf 89' lang='lat' dir='ltr'>nostri;</span> <span class='ocrx_word' id='word_1_24' title='bbox 572 614 717 678; x_wconf 88' lang='lat' dir='ltr'>habenda</span> <span class='ocrx_word' id='word_1_25' title='bbox 737 627 767 676; x_wconf 92' lang='lat' dir='ltr'>et</span> <span class='ocrx_word' id='word_1_26' title='bbox 790 614 919 677; x_wconf 90' lang='lat' dir='ltr'>tenenda</span> <span class='ocrx_word' id='word_1_27' title='bbox 934 616 1027 678; x_wconf 90' lang='lat' dir='ltr'>nobis</span> <span class='ocrx_word' id='word_1_28' title='bbox 1043 627 1074 678; x_wconf 87' lang='lat' dir='ltr'>et</span> <span class='ocrx_word' id='word_1_29' title='bbox 1088 616 1265 680; x_wconf 82' lang='lat' dir='ltr'>baeredibus</span> 
     </span>
     <span class='ocr_line' id='line_1_5' title="bbox 117 698 1265 786; baseline 0.003 -25"><span class='ocrx_word' id='word_1_30' title='bbox 117 701 234 763; x_wconf 85' lang='lat' dir='ltr'>nostris</span> <span class='ocrx_word' id='word_1_31' title='bbox 263 701 509 786; x_wconf 83' lang='lat' dir='ltr'>imperpetuum,</span> <span class='ocrx_word' id='word_1_32' title='bbox 533 724 591 784; x_wconf 92' lang='lat' dir='ltr'>pro</span> <span class='ocrx_word' id='word_1_33' title='bbox 618 698 802 782; x_wconf 89' lang='lat' dir='ltr'>hujusmodi</span> <span class='ocrx_word' id='word_1_34' title='bbox 825 699 969 786; x_wconf 90' lang='lat' dir='ltr'>Collegio</span> <span class='ocrx_word' id='word_1_35' title='bbox 1000 723 1094 784; x_wconf 88' lang='lat' dir='ltr'>super</span> <span class='ocrx_word' id='word_1_36' title='bbox 1116 702 1164 764; x_wconf 91' lang='lat' dir='ltr'>eis</span> <span class='ocrx_word' id='word_1_37' title='bbox 1194 725 1265 765; x_wconf 91' lang='lat' dir='ltr'>con·</span> 
     </span>
     <span class='ocr_line' id='line_1_6' title="bbox 118 786 1265 870; baseline 0.003 -23"><span class='ocrx_word' id='word_1_38' title='bbox 118 787 276 862; x_wconf 89' lang='lat' dir='ltr'>struendo,</span> <span class='ocrx_word' id='word_1_39' title='bbox 291 789 330 850; x_wconf 90' lang='lat' dir='ltr'>de</span> <span class='ocrx_word' id='word_1_40' title='bbox 352 809 485 848; x_wconf 86' lang='lat' dir='ltr'>assensu</span> <span class='ocrx_word' id='word_1_41' title='bbox 511 787 617 870; x_wconf 82' lang='lat' dir='ltr'>ipsius</span> <span class='ocrx_word' id='word_1_42' title='bbox 640 786 810 869; x_wconf 88' lang='lat' dir='ltr'>compatris</span> <span class='ocrx_word' id='word_1_43' title='bbox 838 787 955 864; x_wconf 85' lang='lat' dir='ltr'>nostri3</span> <span class='ocrx_word' id='word_1_44' title='bbox 980 808 1084 869; x_wconf 90' lang='lat' dir='ltr'>quem,</span> <span class='ocrx_word' id='word_1_45' title='bbox 1099 799 1129 850; x_wconf 92' lang='lat' dir='ltr'>et</span> <span class='ocrx_word' id='word_1_46' title='bbox 1142 810 1265 852; x_wconf 88' lang='lat' dir='ltr'>succes·</span> 
     </span>
     <span class='ocr_line' id='line_1_7' title="bbox 115 872 1265 956; baseline 0.003 -22"><span class='ocrx_word' id='word_1_47' title='bbox 115 893 200 935; x_wconf 88' lang='lat' dir='ltr'>sores</span> <span class='ocrx_word' id='word_1_48' title='bbox 222 895 294 936; x_wconf 89' lang='lat' dir='ltr'>suos</span> <span class='ocrx_word' id='word_1_49' title='bbox 312 872 563 936; x_wconf 89' lang='lat' dir='ltr'>Cantuarienses</span> <span class='ocrx_word' id='word_1_50' title='bbox 585 872 866 955; x_wconf 84' lang='lat' dir='ltr'>Archiepiscopos,</span> <span class='ocrx_word' id='word_1_51' title='bbox 880 872 920 934; x_wconf 95' lang='lat' dir='ltr'>ob</span> <span class='ocrx_word' id='word_1_52' title='bbox 943 873 1032 956; x_wconf 86' lang='lat' dir='ltr'>piam</span> <span class='ocrx_word' id='word_1_53' title='bbox 1056 873 1265 937; x_wconf 89' lang='lat' dir='ltr'>intentionem</span> 
     </span>
     <span class='ocr_line' id='line_1_8' title="bbox 117 957 1266 1044; baseline 0.004 -25"><span class='ocrx_word' id='word_1_54' title='bbox 117 980 217 1035; x_wconf 89' lang='lat' dir='ltr'>suam,</span> <span class='ocrx_word' id='word_1_55' title='bbox 235 980 272 1021; x_wconf 89' lang='lat' dir='ltr'>ac</span> <span class='ocrx_word' id='word_1_56' title='bbox 287 959 458 1023; x_wconf 90' lang='lat' dir='ltr'>nonnullos</span> <span class='ocrx_word' id='word_1_57' title='bbox 476 957 545 1042; x_wconf 89' lang='lat' dir='ltr'>ejus</span> <span class='ocrx_word' id='word_1_58' title='bbox 563 971 678 1029; x_wconf 87' lang='lat' dir='ltr'>custus,</span> <span class='ocrx_word' id='word_1_59' title='bbox 694 971 842 1041; x_wconf 90' lang='lat' dir='ltr'>sumptus</span> <span class='ocrx_word' id='word_1_60' title='bbox 858 971 888 1019; x_wconf 89' lang='lat' dir='ltr'>et</span> <span class='ocrx_word' id='word_1_61' title='bbox 904 979 1072 1041; x_wconf 85' lang='lat' dir='ltr'>expensas,</span> <span class='ocrx_word' id='word_1_62' title='bbox 1089 980 1167 1044; x_wconf 88' lang='lat' dir='ltr'>quos</span> <span class='ocrx_word' id='word_1_63' title='bbox 1183 961 1266 1024; x_wconf 87' lang='lat' dir='ltr'>circa</span> 
     </span>
     <span class='ocr_line' id='line_1_9' title="bbox 116 1043 1266 1130; baseline 0.004 -25"><span class='ocrx_word' id='word_1_64' title='bbox 116 1043 312 1117; x_wconf 71' lang='lat' dir='ltr'>erectionem,</span> <span class='ocrx_word' id='word_1_65' title='bbox 335 1046 547 1109; x_wconf 80' lang='lat' dir='ltr'>fundationem</span> <span class='ocrx_word' id='word_1_66' title='bbox 569 1057 599 1107; x_wconf 92' lang='lat' dir='ltr'>et</span> <span class='ocrx_word' id='word_1_67' title='bbox 621 1044 826 1115; x_wconf 90' lang='lat' dir='ltr'>dotationem,</span> <span class='ocrx_word' id='word_1_68' title='bbox 842 1043 980 1127; x_wconf 90' lang='lat' dir='ltr'>ejusdem</span> <span class='ocrx_word' id='word_1_69' title='bbox 995 1044 1133 1130; x_wconf 85' lang='lat' dir='ltr'>Collegij</span> <span class='ocrx_word' id='word_1_70' title='bbox 1150 1047 1219 1109; x_wconf 83' lang='lat' dir='ltr'>fecit</span> <span class='ocrx_word' id='word_1_71' title='bbox 1234 1055 1266 1110; x_wconf 90' lang='lat' dir='ltr'>et</span> 
     </span>
     <span class='ocr_line' id='line_1_10' title="bbox 116 1129 1265 1216; baseline 0.004 -25"><span class='ocrx_word' id='word_1_72' title='bbox 116 1129 216 1192; x_wconf 88' lang='lat' dir='ltr'>facere</span> <span class='ocrx_word' id='word_1_73' title='bbox 238 1131 386 1216; x_wconf 89' lang='lat' dir='ltr'>proponit</span> <span class='ocrx_word' id='word_1_74' title='bbox 408 1132 593 1204; x_wconf 87' lang='lat' dir='ltr'>infuturum,</span> <span class='ocrx_word' id='word_1_75' title='bbox 611 1143 766 1214; x_wconf 87' lang='lat' dir='ltr'>tauquam</span> <span class='ocrx_word' id='word_1_76' title='bbox 780 1131 895 1193; x_wconf 90' lang='lat' dir='ltr'>alteros</span> <span class='ocrx_word' id='word_1_77' title='bbox 918 1129 1107 1193; x_wconf 86' lang='lat' dir='ltr'>Fundatores</span> <span class='ocrx_word' id='word_1_78' title='bbox 1122 1130 1265 1214; x_wconf 90' lang='lat' dir='ltr'>ejusdem</span> 
     </span>
     <span class='ocr_line' id='line_1_11' title="bbox 116 1215 1264 1303; baseline 0.002 -24"><span class='ocrx_word' id='word_1_79' title='bbox 116 1215 251 1302; x_wconf 90' lang='lat' dir='ltr'>Collegij</span> <span class='ocrx_word' id='word_1_80' title='bbox 268 1217 420 1280; x_wconf 87' lang='lat' dir='ltr'>nominari</span> <span class='ocrx_word' id='word_1_81' title='bbox 435 1217 579 1282; x_wconf 88' lang='lat' dir='ltr'>volumus</span> <span class='ocrx_word' id='word_1_82' title='bbox 588 1241 597 1293; x_wconf 93' lang='lat'>;</span> <span class='ocrx_word' id='word_1_83' title='bbox 621 1217 785 1303; x_wconf 84' lang='lat' dir='ltr'>erigimus,</span> <span class='ocrx_word' id='word_1_84' title='bbox 803 1239 840 1279; x_wconf 93' lang='lat' dir='ltr'>ac</span> <span class='ocrx_word' id='word_1_85' title='bbox 856 1229 958 1279; x_wconf 91' lang='lat' dir='ltr'>tenore</span> <span class='ocrx_word' id='word_1_86' title='bbox 973 1217 1177 1300; x_wconf 75' lang='lat' dir='ltr'>praesentium</span> <span class='ocrx_word' id='word_1_87' title='bbox 1192 1219 1264 1281; x_wconf 86' lang='lat' dir='ltr'>fnu-</span> 
     </span>
     <span class='ocr_line' id='line_1_12' title="bbox 116 1302 1265 1386; baseline 0.004 -23"><span class='ocrx_word' id='word_1_88' title='bbox 116 1302 239 1376; x_wconf 85' lang='lat' dir='ltr'>damus,</span> <span class='ocrx_word' id='word_1_89' title='bbox 254 1303 385 1367; x_wconf 90' lang='lat' dir='ltr'>facimus</span> <span class='ocrx_word' id='word_1_90' title='bbox 403 1318 434 1367; x_wconf 94' lang='lat' dir='ltr'>et</span> <span class='ocrx_word' id='word_1_91' title='bbox 456 1303 647 1376; x_wconf 88' lang='lat' dir='ltr'>stabilimus,</span> <span class='ocrx_word' id='word_1_92' title='bbox 664 1303 825 1386; x_wconf 86' lang='lat' dir='ltr'>perpetuis</span> <span class='ocrx_word' id='word_1_93' title='bbox 850 1303 1045 1386; x_wconf 84' lang='lat' dir='ltr'>temporibus</span> <span class='ocrx_word' id='word_1_94' title='bbox 1068 1305 1265 1368; x_wconf 86' lang='lat' dir='ltr'>duraturum.</span> 
     </span>
     <span class='ocr_line' id='line_1_13' title="bbox 115 1387 1266 1472; baseline 0.002 -21"><span class='ocrx_word' id='word_1_95' title='bbox 115 1387 165 1452; x_wconf 85' lang='lat' dir='ltr'>Ao</span> <span class='ocrx_word' id='word_1_96' title='bbox 192 1387 361 1453; x_wconf 87' lang='lat' dir='ltr'>Ricardum</span> <span class='ocrx_word' id='word_1_97' title='bbox 387 1389 550 1469; x_wconf 89' lang='lat' dir='ltr'>Andrewe,</span> <span class='ocrx_word' id='word_1_98' title='bbox 579 1389 738 1463; x_wconf 90' lang='lat' dir='ltr'>clericum,</span> <span class='ocrx_word' id='word_1_99' title='bbox 776 1389 947 1452; x_wconf 88' lang='lat' dir='ltr'>Custodem</span> <span class='ocrx_word' id='word_1_100' title='bbox 980 1402 1011 1451; x_wconf 91' lang='lat' dir='ltr'>et</span> <span class='ocrx_word' id='word_1_101' title='bbox 1039 1412 1098 1472; x_wconf 93' lang='lat' dir='ltr'>pro</span> <span class='ocrx_word' id='word_1_102' title='bbox 1125 1389 1266 1454; x_wconf 83' lang='lat' dir='ltr'>Custode</span> 
     </span>
     <span class='ocr_line' id='line_1_14' title="bbox 117 1473 1265 1560; baseline 0.004 -25"><span class='ocrx_word' id='word_1_103' title='bbox 117 1473 221 1559; x_wconf 92' lang='lat' dir='ltr'>ipsius</span> <span class='ocrx_word' id='word_1_104' title='bbox 250 1474 398 1560; x_wconf 87' lang='lat' dir='ltr'>Collegij,</span> <span class='ocrx_word' id='word_1_105' title='bbox 422 1489 453 1538; x_wconf 88' lang='lat' dir='ltr'>et</span> <span class='ocrx_word' id='word_1_106' title='bbox 476 1477 636 1538; x_wconf 86' lang='lat' dir='ltr'>Thomam</span> <span class='ocrx_word' id='word_1_107' title='bbox 662 1475 854 1553; x_wconf 83' lang='lat' dir='ltr'>Lavenbam,</span> <span class='ocrx_word' id='word_1_108' title='bbox 882 1475 1055 1539; x_wconf 87' lang='lat' dir='ltr'>Robertum</span> <span class='ocrx_word' id='word_1_109' title='bbox 1081 1476 1265 1559; x_wconf 83' lang='lat' dir='ltr'>Stephanes,</span> 
     </span>
     <span class='ocr_line' id='line_1_15' title="bbox 118 1559 1264 1644; baseline 0.003 -23"><span class='ocrx_word' id='word_1_110' title='bbox 118 1559 290 1622; x_wconf 86' lang='lat' dir='ltr'>Robertum</span> <span class='ocrx_word' id='word_1_111' title='bbox 321 1560 471 1644; x_wconf 86' lang='lat' dir='ltr'>Seborgh,</span> <span class='ocrx_word' id='word_1_112' title='bbox 511 1561 727 1625; x_wconf 89' lang='lat' dir='ltr'>Willielmum</span> <span class='ocrx_word' id='word_1_113' title='bbox 765 1561 915 1640; x_wconf 88' lang='lat' dir='ltr'>Overton,</span> <span class='ocrx_word' id='word_1_114' title='bbox 953 1560 1110 1624; x_wconf 86' lang='lat' dir='ltr'>Thomam</span> <span class='ocrx_word' id='word_1_115' title='bbox 1148 1562 1264 1638; x_wconf 83' lang='lat' dir='ltr'>Eston,</span> 
     </span>
     <span class='ocr_line' id='line_1_16' title="bbox 117 1644 1266 1723; baseline 0.004 -16"><span class='ocrx_word' id='word_1_116' title='bbox 117 1644 289 1709; x_wconf 86' lang='lat' dir='ltr'>Ricardum</span> <span class='ocrx_word' id='word_1_117' title='bbox 304 1647 424 1711; x_wconf 92' lang='lat' dir='ltr'>Warde</span> <span class='ocrx_word' id='word_1_118' title='bbox 448 1660 478 1711; x_wconf 93' lang='lat' dir='ltr'>et</span> <span class='ocrx_word' id='word_1_119' title='bbox 505 1646 679 1711; x_wconf 85' lang='lat' dir='ltr'>Ricardum</span> <span class='ocrx_word' id='word_1_120' title='bbox 707 1647 931 1723; x_wconf 90' lang='lat' dir='ltr'>Penwortham,</span> <span class='ocrx_word' id='word_1_121' title='bbox 947 1647 1103 1709; x_wconf 88' lang='lat' dir='ltr'>scholares</span> <span class='ocrx_word' id='word_1_122' title='bbox 1124 1649 1266 1712; x_wconf 85' lang='lat' dir='ltr'>residuos</span> 
     </span>
     <span class='ocr_line' id='line_1_17' title="bbox 115 1730 1265 1821; baseline 0.003 -27"><span class='ocrx_word' id='word_1_123' title='bbox 115 1730 253 1815; x_wconf 91' lang='lat' dir='ltr'>ejusdem</span> <span class='ocrx_word' id='word_1_124' title='bbox 266 1732 412 1821; x_wconf 90' lang='lat' dir='ltr'>Collegij,</span> <span class='ocrx_word' id='word_1_125' title='bbox 425 1758 483 1818; x_wconf 91' lang='lat' dir='ltr'>per</span> <span class='ocrx_word' id='word_1_126' title='bbox 496 1734 604 1820; x_wconf 92' lang='lat' dir='ltr'>ipsum</span> <span class='ocrx_word' id='word_1_127' title='bbox 620 1746 811 1817; x_wconf 85' lang='lat' dir='ltr'>compatrem</span> <span class='ocrx_word' id='word_1_128' title='bbox 825 1746 962 1796; x_wconf 89' lang='lat' dir='ltr'>nostrum</span> <span class='ocrx_word' id='word_1_129' title='bbox 977 1733 1091 1797; x_wconf 89' lang='lat' dir='ltr'>electos</span> <span class='ocrx_word' id='word_1_130' title='bbox 1107 1745 1137 1796; x_wconf 88' lang='lat' dir='ltr'>et</span> <span class='ocrx_word' id='word_1_131' title='bbox 1151 1735 1190 1796; x_wconf 87' lang='lat' dir='ltr'>ad</span> <span class='ocrx_word' id='word_1_132' title='bbox 1206 1735 1265 1797; x_wconf 92' lang='lat' dir='ltr'>hoc</span> 
     </span>
     <span class='ocr_line' id='line_1_18' title="bbox 115 1819 1266 1903; baseline 0.003 -24"><span class='ocrx_word' id='word_1_133' title='bbox 115 1831 304 1903; x_wconf 88' lang='lat' dir='ltr'>assumptos,</span> <span class='ocrx_word' id='word_1_134' title='bbox 330 1822 499 1884; x_wconf 91' lang='lat' dir='ltr'>secundum</span> <span class='ocrx_word' id='word_1_135' title='bbox 527 1821 740 1883; x_wconf 87' lang='lat' dir='ltr'>ordinationes</span> <span class='ocrx_word' id='word_1_136' title='bbox 765 1830 795 1882; x_wconf 92' lang='lat' dir='ltr'>et</span> <span class='ocrx_word' id='word_1_137' title='bbox 822 1830 938 1882; x_wconf 89' lang='lat' dir='ltr'>statuta</span> <span class='ocrx_word' id='word_1_138' title='bbox 968 1819 1072 1903; x_wconf 89' lang='lat' dir='ltr'>ipsius</span> <span class='ocrx_word' id='word_1_139' title='bbox 1092 1822 1266 1903; x_wconf 88' lang='lat' dir='ltr'>compatris</span> 
     </span>
     <span class='ocr_line' id='line_1_19' title="bbox 116 1906 1266 1991; baseline 0.003 -25"><span class='ocrx_word' id='word_1_140' title='bbox 116 1906 215 1967; x_wconf 85' lang='lat' dir='ltr'>nostri</span> <span class='ocrx_word' id='word_1_141' title='bbox 227 1915 256 1966; x_wconf 89' lang='lat' dir='ltr'>et</span> <span class='ocrx_word' id='word_1_142' title='bbox 270 1928 488 1970; x_wconf 88' lang='lat' dir='ltr'>successorum</span> <span class='ocrx_word' id='word_1_143' title='bbox 504 1930 632 1970; x_wconf 88' lang='lat' dir='ltr'>suorum</span> <span class='ocrx_word' id='word_1_144' title='bbox 648 1906 972 1991; x_wconf 90' lang='lat' dir='ltr'>Archiepiscopornm</span> <span class='ocrx_word' id='word_1_145' title='bbox 981 1906 1266 1981; x_wconf 74' lang='lat' dir='ltr'>cantuariensium,</span> 
     </span>
     <span class='ocr_line' id='line_1_20' title="bbox 115 1993 1266 2078; baseline 0.003 -25"><span class='ocrx_word' id='word_1_146' title='bbox 115 1994 276 2074; x_wconf 83' lang='lat' dir='ltr'>regendos,</span> <span class='ocrx_word' id='word_1_147' title='bbox 291 1993 496 2078; x_wconf 89' lang='lat' dir='ltr'>corrigendos,</span> <span class='ocrx_word' id='word_1_148' title='bbox 511 1994 676 2078; x_wconf 84' lang='lat' dir='ltr'>privandos</span> <span class='ocrx_word' id='word_1_149' title='bbox 696 2005 728 2054; x_wconf 92' lang='lat' dir='ltr'>et</span> <span class='ocrx_word' id='word_1_150' title='bbox 749 1993 949 2066; x_wconf 75' lang='lat' dir='ltr'>amovendos,</span> <span class='ocrx_word' id='word_1_151' title='bbox 966 1993 1170 2075; x_wconf 85' lang='lat' dir='ltr'>praefecimus,</span> <span class='ocrx_word' id='word_1_152' title='bbox 1184 2016 1266 2056; x_wconf 91' lang='lat' dir='ltr'>crea·</span> 
     </span>
     <span class='ocr_line' id='line_1_21' title="bbox 115 2078 1267 2163; baseline 0.002 -23"><span class='ocrx_word' id='word_1_153' title='bbox 115 2079 216 2141; x_wconf 87' lang='lat' dir='ltr'>vimus</span> <span class='ocrx_word' id='word_1_154' title='bbox 241 2089 270 2139; x_wconf 91' lang='lat' dir='ltr'>et</span> <span class='ocrx_word' id='word_1_155' title='bbox 293 2078 520 2152; x_wconf 83' lang='lat' dir='ltr'>ordinavimus,</span> <span class='ocrx_word' id='word_1_156' title='bbox 544 2079 739 2163; x_wconf 76' lang='lat' dir='ltr'>praeficimus,</span> <span class='ocrx_word' id='word_1_157' title='bbox 765 2101 906 2142; x_wconf 88' lang='lat' dir='ltr'>creamus</span> <span class='ocrx_word' id='word_1_158' title='bbox 929 2089 959 2140; x_wconf 92' lang='lat' dir='ltr'>et</span> <span class='ocrx_word' id='word_1_159' title='bbox 988 2079 1183 2154; x_wconf 86' lang='lat' dir='ltr'>ordinamus,</span> <span class='ocrx_word' id='word_1_160' title='bbox 1209 2102 1267 2163; x_wconf 91' lang='lat' dir='ltr'>per</span> 
     </span>
     <span class='ocr_line' id='line_1_22' title="bbox 116 2162 1266 2249; baseline 0.003 -23"><span class='ocrx_word' id='word_1_161' title='bbox 116 2173 295 2247; x_wconf 88' lang='lat' dir='ltr'>praesentes.</span> <span class='ocrx_word' id='word_1_162' title='bbox 339 2162 486 2228; x_wconf 91' lang='lat' dir='ltr'>Volentes</span> <span class='ocrx_word' id='word_1_163' title='bbox 504 2178 536 2229; x_wconf 90' lang='lat' dir='ltr'>et</span> <span class='ocrx_word' id='word_1_164' title='bbox 557 2166 759 2229; x_wconf 87' lang='lat' dir='ltr'>concedentes</span> <span class='ocrx_word' id='word_1_165' title='bbox 775 2166 859 2249; x_wconf 91' lang='lat' dir='ltr'>quod</span> <span class='ocrx_word' id='word_1_166' title='bbox 875 2165 942 2249; x_wconf 88' lang='lat' dir='ltr'>ipse</span> <span class='ocrx_word' id='word_1_167' title='bbox 957 2164 1085 2236; x_wconf 84' lang='lat' dir='ltr'>Custos,</span> <span class='ocrx_word' id='word_1_168' title='bbox 1101 2176 1130 2227; x_wconf 90' lang='lat' dir='ltr'>et</span> <span class='ocrx_word' id='word_1_169' title='bbox 1146 2187 1266 2229; x_wconf 85' lang='lat' dir='ltr'>sucees-</span> 
     </span>
     <span class='ocr_line' id='line_1_23' title="bbox 117 2249 1266 2335; baseline 0.003 -24"><span class='ocrx_word' id='word_1_170' title='bbox 117 2271 201 2312; x_wconf 89' lang='lat' dir='ltr'>sores</span> <span class='ocrx_word' id='word_1_171' title='bbox 226 2251 273 2314; x_wconf 91' lang='lat' dir='ltr'>sui</span> <span class='ocrx_word' id='word_1_172' title='bbox 299 2249 457 2314; x_wconf 82' lang='lat' dir='ltr'>Custodes</span> <span class='ocrx_word' id='word_1_173' title='bbox 481 2250 620 2334; x_wconf 88' lang='lat' dir='ltr'>ejusdem</span> <span class='ocrx_word' id='word_1_174' title='bbox 646 2249 794 2335; x_wconf 88' lang='lat' dir='ltr'>Collegij,</span> <span class='ocrx_word' id='word_1_175' title='bbox 815 2251 984 2314; x_wconf 90' lang='lat' dir='ltr'>secundum</span> <span class='ocrx_word' id='word_1_176' title='bbox 1007 2251 1213 2314; x_wconf 90' lang='lat' dir='ltr'>ordinationes</span> <span class='ocrx_word' id='word_1_177' title='bbox 1235 2265 1266 2315; x_wconf 87' lang='lat' dir='ltr'>et</span> 
     </span>
     <span class='ocr_line' id='line_1_24' title="bbox 117 2335 1267 2423; baseline 0.003 -26"><span class='ocrx_word' id='word_1_178' title='bbox 117 2346 233 2398; x_wconf 85' lang='lat' dir='ltr'>statuta</span> <span class='ocrx_word' id='word_1_179' title='bbox 247 2338 405 2418; x_wconf 73' lang='lat' dir='ltr'>praedicta,</span> <span class='ocrx_word' id='word_1_180' title='bbox 429 2337 554 2423; x_wconf 86' lang='lat' dir='ltr'>eligere,</span> <span class='ocrx_word' id='word_1_181' title='bbox 577 2359 764 2423; x_wconf 84' lang='lat' dir='ltr'>congregare</span> <span class='ocrx_word' id='word_1_182' title='bbox 787 2348 819 2398; x_wconf 92' lang='lat' dir='ltr'>et</span> <span class='ocrx_word' id='word_1_183' title='bbox 845 2337 1018 2413; x_wconf 89' lang='lat' dir='ltr'>admittere,</span> <span class='ocrx_word' id='word_1_184' title='bbox 1045 2335 1182 2419; x_wconf 90' lang='lat' dir='ltr'>poterint</span> <span class='ocrx_word' id='word_1_185' title='bbox 1206 2337 1267 2401; x_wconf 90' lang='lat' dir='ltr'>sibi</span> 
     </span>
     <span class='ocr_line' id='line_1_25' title="bbox 116 2421 1266 2506; baseline 0.003 -24"><span class='ocrx_word' id='word_1_186' title='bbox 116 2421 224 2505; x_wconf 92' lang='lat' dir='ltr'>plures</span> <span class='ocrx_word' id='word_1_187' title='bbox 250 2421 413 2498; x_wconf 89' lang='lat' dir='ltr'>scholares,</span> <span class='ocrx_word' id='word_1_188' title='bbox 440 2445 539 2505; x_wconf 90' lang='lat' dir='ltr'>usque</span> <span class='ocrx_word' id='word_1_189' title='bbox 564 2424 603 2485; x_wconf 89' lang='lat' dir='ltr'>ad</span> <span class='ocrx_word' id='word_1_190' title='bbox 629 2444 795 2485; x_wconf 91' lang='lat' dir='ltr'>numerum</span> <span class='ocrx_word' id='word_1_191' title='bbox 820 2423 1030 2506; x_wconf 87' lang='lat' dir='ltr'>quadraginta</span> <span class='ocrx_word' id='word_1_192' title='bbox 1053 2443 1266 2506; x_wconf 91' lang='lat' dir='ltr'>personarum,</span> 
     </span>
     <span class='ocr_line' id='line_1_26' title="bbox 117 2507 1265 2594; baseline 0.001 -25"><span class='ocrx_word' id='word_1_193' title='bbox 117 2508 288 2570; x_wconf 91' lang='lat' dir='ltr'>secundum</span> <span class='ocrx_word' id='word_1_194' title='bbox 304 2508 516 2572; x_wconf 87' lang='lat' dir='ltr'>ordinationes</span> <span class='ocrx_word' id='word_1_195' title='bbox 539 2522 569 2570; x_wconf 92' lang='lat' dir='ltr'>et</span> <span class='ocrx_word' id='word_1_196' title='bbox 588 2519 702 2571; x_wconf 89' lang='lat' dir='ltr'>statuta</span> <span class='ocrx_word' id='word_1_197' title='bbox 721 2508 867 2592; x_wconf 83' lang='lat' dir='ltr'>praedicta</span> <span class='ocrx_word' id='word_1_198' title='bbox 881 2508 1039 2594; x_wconf 89' lang='lat' dir='ltr'>regendos,</span> <span class='ocrx_word' id='word_1_199' title='bbox 1055 2507 1265 2593; x_wconf 84' lang='lat' dir='ltr'>conigendos,</span> 
     </span>
     <span class='ocr_line' id='line_1_27' title="bbox 117 2593 1267 2678; baseline 0.001 -21"><span class='ocrx_word' id='word_1_200' title='bbox 117 2594 286 2677; x_wconf 86' lang='lat' dir='ltr'>privandos</span> <span class='ocrx_word' id='word_1_201' title='bbox 302 2605 331 2655; x_wconf 92' lang='lat' dir='ltr'>et</span> <span class='ocrx_word' id='word_1_202' title='bbox 349 2594 560 2671; x_wconf 88' lang='lat' dir='ltr'>amovendos;</span> <span class='ocrx_word' id='word_1_203' title='bbox 583 2617 663 2678; x_wconf 89' lang='lat' dir='ltr'>quos</span> <span class='ocrx_word' id='word_1_204' title='bbox 686 2607 716 2656; x_wconf 89' lang='lat' dir='ltr'>et</span> <span class='ocrx_word' id='word_1_205' title='bbox 737 2615 929 2656; x_wconf 88' lang='lat' dir='ltr'>successores</span> <span class='ocrx_word' id='word_1_206' title='bbox 952 2616 1024 2656; x_wconf 88' lang='lat' dir='ltr'>suos</span> <span class='ocrx_word' id='word_1_207' title='bbox 1042 2593 1089 2655; x_wconf 89' lang='lat' dir='ltr'>sic</span> <span class='ocrx_word' id='word_1_208' title='bbox 1106 2595 1221 2656; x_wconf 91' lang='lat' dir='ltr'>electos</span> <span class='ocrx_word' id='word_1_209' title='bbox 1236 2607 1267 2658; x_wconf 91' lang='lat' dir='ltr'>et</span> 
     </span>
     <span class='ocr_line' id='line_1_28' title="bbox 116 2677 1266 2764; baseline 0 -20"><span class='ocrx_word' id='word_1_210' title='bbox 116 2689 314 2761; x_wconf 77' lang='lat' dir='ltr'>congregatos</span> <span class='ocrx_word' id='word_1_211' title='bbox 329 2692 361 2743; x_wconf 93' lang='lat' dir='ltr'>et</span> <span class='ocrx_word' id='word_1_212' title='bbox 374 2681 542 2752; x_wconf 89' lang='lat' dir='ltr'>admissos,</span> <span class='ocrx_word' id='word_1_213' title='bbox 558 2695 709 2764; x_wconf 90' lang='lat' dir='ltr'>tanquam</span> <span class='ocrx_word' id='word_1_214' title='bbox 733 2679 888 2742; x_wconf 89' lang='lat' dir='ltr'>scholares</span> <span class='ocrx_word' id='word_1_215' title='bbox 910 2690 940 2742; x_wconf 92' lang='lat' dir='ltr'>et</span> <span class='ocrx_word' id='word_1_216' title='bbox 961 2680 1103 2743; x_wconf 89' lang='lat' dir='ltr'>membra</span> <span class='ocrx_word' id='word_1_217' title='bbox 1124 2677 1266 2763; x_wconf 89' lang='lat' dir='ltr'>ejusdem</span> 
     </span>
     <span class='ocr_line' id='line_1_29' title="bbox 117 2764 1266 2853; baseline -0.002 -21"><span class='ocrx_word' id='word_1_218' title='bbox 117 2764 266 2853; x_wconf 85' lang='lat' dir='ltr'>Collegij,</span> <span class='ocrx_word' id='word_1_219' title='bbox 282 2769 453 2831; x_wconf 91' lang='lat' dir='ltr'>secundum</span> <span class='ocrx_word' id='word_1_220' title='bbox 468 2768 618 2851; x_wconf 85' lang='lat' dir='ltr'>praedicta</span> <span class='ocrx_word' id='word_1_221' title='bbox 633 2766 838 2830; x_wconf 89' lang='lat' dir='ltr'>ordinationes</span> <span class='ocrx_word' id='word_1_222' title='bbox 853 2778 883 2828; x_wconf 89' lang='lat' dir='ltr'>et</span> <span class='ocrx_word' id='word_1_223' title='bbox 897 2777 1011 2828; x_wconf 88' lang='lat' dir='ltr'>statuta</span> <span class='ocrx_word' id='word_1_224' title='bbox 1024 2766 1183 2850; x_wconf 89' lang='lat' dir='ltr'>regendos,</span> <span class='ocrx_word' id='word_1_225' title='bbox 1198 2791 1266 2830; x_wconf 87' lang='lat' dir='ltr'>cor-</span> 
     </span>
     <span class='ocr_line' id='line_1_30' title="bbox 117 2852 1266 2938; baseline 0.003 -24"><span class='ocrx_word' id='word_1_226' title='bbox 117 2853 275 2938; x_wconf 85' lang='lat' dir='ltr'>rigandos,</span> <span class='ocrx_word' id='word_1_227' title='bbox 290 2854 458 2937; x_wconf 88' lang='lat' dir='ltr'>privandos</span> <span class='ocrx_word' id='word_1_228' title='bbox 473 2868 504 2915; x_wconf 91' lang='lat' dir='ltr'>et</span> <span class='ocrx_word' id='word_1_229' title='bbox 520 2853 717 2932; x_wconf 86' lang='lat' dir='ltr'>amovendos,</span> <span class='ocrx_word' id='word_1_230' title='bbox 727 2875 785 2936; x_wconf 91' lang='lat' dir='ltr'>pro</span> <span class='ocrx_word' id='word_1_231' title='bbox 800 2853 893 2915; x_wconf 91' lang='lat' dir='ltr'>nobis</span> <span class='ocrx_word' id='word_1_232' title='bbox 908 2866 939 2914; x_wconf 90' lang='lat' dir='ltr'>et</span> <span class='ocrx_word' id='word_1_233' title='bbox 953 2852 1132 2915; x_wconf 84' lang='lat' dir='ltr'>haeredibus</span> <span class='ocrx_word' id='word_1_234' title='bbox 1143 2855 1266 2926; x_wconf 91' lang='lat' dir='ltr'>uostris,</span> 
     </span>
     <span class='ocr_line' id='line_1_31' title="bbox 117 2939 1265 3024; baseline 0.002 -24"><span class='ocrx_word' id='word_1_235' title='bbox 117 2939 263 3001; x_wconf 83' lang='lat' dir='ltr'>volumus</span> <span class='ocrx_word' id='word_1_236' title='bbox 277 2950 307 3000; x_wconf 92' lang='lat' dir='ltr'>et</span> <span class='ocrx_word' id='word_1_237' title='bbox 321 2941 518 3003; x_wconf 88' lang='lat' dir='ltr'>concedimus</span> <span class='ocrx_word' id='word_1_238' title='bbox 533 2963 591 3023; x_wconf 92' lang='lat' dir='ltr'>per</span> <span class='ocrx_word' id='word_1_239' title='bbox 603 2951 775 3024; x_wconf 82' lang='lat' dir='ltr'>praesentes.</span> <span class='ocrx_word' id='word_1_240' title='bbox 820 2940 870 3003; x_wconf 90' lang='lat' dir='ltr'>lta</span> <span class='ocrx_word' id='word_1_241' title='bbox 887 2939 983 3023; x_wconf 92' lang='lat' dir='ltr'>quod,</span> <span class='ocrx_word' id='word_1_242' title='bbox 998 2939 1166 3001; x_wconf 88' lang='lat' dir='ltr'>decedente</span> <span class='ocrx_word' id='word_1_243' title='bbox 1186 2962 1265 3023; x_wconf 82' lang='lat' dir='ltr'>prae·</span> 
     </span>
     <span class='ocr_line' id='line_1_32' title="bbox 119 3024 1266 3110; baseline 0 -21"><span class='ocrx_word' id='word_1_244' title='bbox 119 3027 202 3089; x_wconf 89' lang='lat' dir='ltr'>dicto</span> <span class='ocrx_word' id='word_1_245' title='bbox 223 3025 373 3098; x_wconf 85' lang='lat' dir='ltr'>Custode,</span> <span class='ocrx_word' id='word_1_246' title='bbox 393 3028 520 3090; x_wconf 89' lang='lat' dir='ltr'>cedente</span> <span class='ocrx_word' id='word_1_247' title='bbox 541 3028 590 3090; x_wconf 88' lang='lat' dir='ltr'>vel</span> <span class='ocrx_word' id='word_1_248' title='bbox 611 3049 647 3088; x_wconf 90' lang='lat' dir='ltr'>eo</span> <span class='ocrx_word' id='word_1_249' title='bbox 670 3046 859 3110; x_wconf 90' lang='lat' dir='ltr'>quacunque</span> <span class='ocrx_word' id='word_1_250' title='bbox 883 3027 921 3087; x_wconf 93' lang='lat' dir='ltr'>de</span> <span class='ocrx_word' id='word_1_251' title='bbox 946 3047 1042 3086; x_wconf 90' lang='lat' dir='ltr'>causa</span> <span class='ocrx_word' id='word_1_252' title='bbox 1067 3024 1142 3087; x_wconf 92' lang='lat' dir='ltr'>inde</span> <span class='ocrx_word' id='word_1_253' title='bbox 1163 3041 1266 3089; x_wconf 87' lang='lat' dir='ltr'>amoto</span> 
     </span>
     <span class='ocr_line' id='line_1_33' title="bbox 118 3109 1266 3197; baseline 0 -23"><span class='ocrx_word' id='word_1_254' title='bbox 118 3135 172 3174; x_wconf 92' lang='lat' dir='ltr'>seu</span> <span class='ocrx_word' id='word_1_255' title='bbox 185 3112 318 3195; x_wconf 87' lang='lat' dir='ltr'>privato,</span> <span class='ocrx_word' id='word_1_256' title='bbox 331 3114 486 3175; x_wconf 85' lang='lat' dir='ltr'>scholares</span> <span class='ocrx_word' id='word_1_257' title='bbox 501 3113 613 3176; x_wconf 89' lang='lat' dir='ltr'>residui</span> <span class='ocrx_word' id='word_1_258' title='bbox 625 3111 763 3195; x_wconf 86' lang='lat' dir='ltr'>ejusdem</span> <span class='ocrx_word' id='word_1_259' title='bbox 778 3109 914 3197; x_wconf 90' lang='lat' dir='ltr'>Collegij</span> <span class='ocrx_word' id='word_1_260' title='bbox 927 3133 983 3194; x_wconf 93' lang='lat' dir='ltr'>pro</span> <span class='ocrx_word' id='word_1_261' title='bbox 992 3125 1133 3193; x_wconf 83' lang='lat' dir='ltr'>tempore</span> <span class='ocrx_word' id='word_1_262' title='bbox 1146 3111 1266 3179; x_wconf 89' lang='lat' dir='ltr'>ibidem</span> 
     </span>
     <span class='ocr_line' id='line_1_34' title="bbox 119 3197 1267 3268; baseline -0.001 -8"><span class='ocrx_word' id='word_1_263' title='bbox 119 3199 297 3268; x_wconf 86' lang='lat' dir='ltr'>existentes,</span> <span class='ocrx_word' id='word_1_264' title='bbox 322 3200 493 3261; x_wconf 88' lang='lat' dir='ltr'>secundum</span> <span class='ocrx_word' id='word_1_265' title='bbox 517 3200 649 3261; x_wconf 86' lang='lat' dir='ltr'>sormam</span> <span class='ocrx_word' id='word_1_266' title='bbox 673 3209 704 3259; x_wconf 93' lang='lat' dir='ltr'>et</span> <span class='ocrx_word' id='word_1_267' title='bbox 727 3197 871 3261; x_wconf 84' lang='lat' dir='ltr'>effectum</span> <span class='ocrx_word' id='word_1_268' title='bbox 892 3208 1073 3259; x_wconf 90' lang='lat' dir='ltr'>statutorum</span> <span class='ocrx_word' id='word_1_269' title='bbox 1093 3206 1124 3259; x_wconf 91' lang='lat' dir='ltr'>et</span> <span class='ocrx_word' id='word_1_270' title='bbox 1144 3197 1267 3260; x_wconf 91' lang='lat' dir='ltr'>ordina-</span> 
     </span>
     <span class='ocr_line' id='line_1_35' title="bbox 120 3283 1267 3367; baseline 0 -23"><span class='ocrx_word' id='word_1_271' title='bbox 120 3285 242 3347; x_wconf 89' lang='lat' dir='ltr'>tionum</span> <span class='ocrx_word' id='word_1_272' title='bbox 259 3285 492 3367; x_wconf 88' lang='lat' dir='ltr'>praedictorum‚</span> <span class='ocrx_word' id='word_1_273' title='bbox 509 3285 643 3347; x_wconf 88' lang='lat' dir='ltr'>alterum</span> <span class='ocrx_word' id='word_1_274' title='bbox 659 3284 806 3346; x_wconf 91' lang='lat' dir='ltr'>idoneum</span> <span class='ocrx_word' id='word_1_275' title='bbox 821 3284 856 3345; x_wconf 93' lang='lat' dir='ltr'>in</span> <span class='ocrx_word' id='word_1_276' title='bbox 870 3283 1044 3346; x_wconf 90' lang='lat' dir='ltr'>Custodem</span> <span class='ocrx_word' id='word_1_277' title='bbox 1067 3296 1097 3343; x_wconf 89' lang='lat' dir='ltr'>et</span> <span class='ocrx_word' id='word_1_278' title='bbox 1115 3305 1176 3366; x_wconf 72' lang='lat' dir='ltr'>,pro</span> <span class='ocrx_word' id='word_1_279' title='bbox 1188 3283 1267 3346; x_wconf 84' lang='lat' dir='ltr'>Cus-</span> 
     </span>
     <span class='ocr_line' id='line_1_36' title="bbox 118 3367 1265 3454; baseline -0.002 -21"><span class='ocrx_word' id='word_1_280' title='bbox 118 3373 188 3433; x_wconf 90' lang='lat' dir='ltr'>tode</span> <span class='ocrx_word' id='word_1_281' title='bbox 205 3367 346 3452; x_wconf 89' lang='lat' dir='ltr'>ejusdem</span> <span class='ocrx_word' id='word_1_282' title='bbox 364 3369 501 3454; x_wconf 84' lang='lat' dir='ltr'>Collegij</span> <span class='ocrx_word' id='word_1_283' title='bbox 526 3371 645 3450; x_wconf 83' lang='lat' dir='ltr'>eligant</span> <span class='ocrx_word' id='word_1_284' title='bbox 671 3380 702 3430; x_wconf 91' lang='lat' dir='ltr'>et</span> <span class='ocrx_word' id='word_1_285' title='bbox 719 3367 834 3454; x_wconf 86' lang='lat' dir='ltr'>eligere</span> <span class='ocrx_word' id='word_1_286' title='bbox 857 3369 994 3452; x_wconf 81' lang='lat' dir='ltr'>possint3</span> <span class='ocrx_word' id='word_1_287' title='bbox 1020 3390 1114 3451; x_wconf 88' lang='lat' dir='ltr'>quem</span> <span class='ocrx_word' id='word_1_288' title='bbox 1134 3368 1169 3429; x_wconf 92' lang='lat' dir='ltr'>in</span> <span class='ocrx_word' id='word_1_289' title='bbox 1183 3368 1265 3431; x_wconf 88' lang='lat' dir='ltr'>Cus-</span> 
     </span>
     <span class='ocr_line' id='line_1_37' title="bbox 119 3454 1266 3539; baseline 0.001 -23"><span class='ocrx_word' id='word_1_290' title='bbox 119 3457 223 3517; x_wconf 90' lang='lat' dir='ltr'>todem</span> <span class='ocrx_word' id='word_1_291' title='bbox 245 3467 275 3516; x_wconf 92' lang='lat' dir='ltr'>et</span> <span class='ocrx_word' id='word_1_292' title='bbox 296 3478 353 3539; x_wconf 91' lang='lat' dir='ltr'>pro</span> <span class='ocrx_word' id='word_1_293' title='bbox 373 3455 513 3518; x_wconf 89' lang='lat' dir='ltr'>Custode</span> <span class='ocrx_word' id='word_1_294' title='bbox 532 3455 671 3538; x_wconf 89' lang='lat' dir='ltr'>ejusdem</span> <span class='ocrx_word' id='word_1_295' title='bbox 694 3454 831 3538; x_wconf 89' lang='lat' dir='ltr'>Collegij</span> <span class='ocrx_word' id='word_1_296' title='bbox 853 3476 910 3538; x_wconf 91' lang='lat' dir='ltr'>per</span> <span class='ocrx_word' id='word_1_297' title='bbox 934 3455 1054 3515; x_wconf 89' lang='lat' dir='ltr'>dictum</span> <span class='ocrx_word' id='word_1_298' title='bbox 1075 3467 1266 3536; x_wconf 90' lang='lat' dir='ltr'>compatrem</span> 
     </span>
     <span class='ocr_line' id='line_1_38' title="bbox 119 3538 1267 3623; baseline 0.001 -21"><span class='ocrx_word' id='word_1_299' title='bbox 119 3551 260 3604; x_wconf 91' lang='lat' dir='ltr'>nostrum</span> <span class='ocrx_word' id='word_1_300' title='bbox 276 3552 306 3602; x_wconf 88' lang='lat' dir='ltr'>et</span> <span class='ocrx_word' id='word_1_301' title='bbox 322 3562 512 3603; x_wconf 87' lang='lat' dir='ltr'>successores</span> <span class='ocrx_word' id='word_1_302' title='bbox 528 3563 600 3604; x_wconf 91' lang='lat' dir='ltr'>suos</span> <span class='ocrx_word' id='word_1_303' title='bbox 614 3539 855 3604; x_wconf 88' lang='lat' dir='ltr'>Cantuarienses</span> <span class='ocrx_word' id='word_1_304' title='bbox 870 3538 1146 3623; x_wconf 83' lang='lat' dir='ltr'>Arcltiepiscopos,</span> <span class='ocrx_word' id='word_1_305' title='bbox 1160 3552 1190 3601; x_wconf 88' lang='lat' dir='ltr'>et</span> <span class='ocrx_word' id='word_1_306' title='bbox 1204 3562 1267 3603; x_wconf 91' lang='lat' dir='ltr'>non</span> 
     </span>
     <span class='ocr_line' id='line_1_39' title="bbox 118 3625 1267 3712; baseline 0.002 -24"><span class='ocrx_word' id='word_1_307' title='bbox 118 3649 174 3712; x_wconf 90' lang='lat' dir='ltr'>per</span> <span class='ocrx_word' id='word_1_308' title='bbox 194 3648 250 3688; x_wconf 92' lang='lat' dir='ltr'>nos</span> <span class='ocrx_word' id='word_1_309' title='bbox 268 3649 371 3711; x_wconf 91' lang='lat' dir='ltr'>neque</span> <span class='ocrx_word' id='word_1_310' title='bbox 394 3626 531 3690; x_wconf 76' lang='lat' dir='ltr'>haeredes</span> <span class='ocrx_word' id='word_1_311' title='bbox 550 3639 678 3698; x_wconf 84' lang='lat' dir='ltr'>nostros,</span> <span class='ocrx_word' id='word_1_312' title='bbox 694 3625 818 3690; x_wconf 86' lang='lat' dir='ltr'>admitti</span> <span class='ocrx_word' id='word_1_313' title='bbox 841 3636 872 3690; x_wconf 91' lang='lat' dir='ltr'>et</span> <span class='ocrx_word' id='word_1_314' title='bbox 894 3626 1082 3697; x_wconf 84' lang='lat' dir='ltr'>confirmari,</span> <span class='ocrx_word' id='word_1_315' title='bbox 1096 3627 1267 3690; x_wconf 88' lang='lat' dir='ltr'>secundum</span> 
     </span>
     <span class='ocr_line' id='line_1_40' title="bbox 120 3710 1267 3798; baseline 0 -22"><span class='ocrx_word' id='word_1_316' title='bbox 120 3715 325 3777; x_wconf 87' lang='lat' dir='ltr'>ordinationes</span> <span class='ocrx_word' id='word_1_317' title='bbox 340 3725 370 3777; x_wconf 92' lang='lat' dir='ltr'>et</span> <span class='ocrx_word' id='word_1_318' title='bbox 387 3724 504 3775; x_wconf 89' lang='lat' dir='ltr'>statuta</span> <span class='ocrx_word' id='word_1_319' title='bbox 524 3714 676 3798; x_wconf 80' lang='lat' dir='ltr'>praedicta</span> <span class='ocrx_word' id='word_1_320' title='bbox 696 3712 877 3796; x_wconf 88' lang='lat' dir='ltr'>regendum,</span> <span class='ocrx_word' id='word_1_321' title='bbox 893 3710 1124 3797; x_wconf 89' lang='lat' dir='ltr'>corrigendum,</span> <span class='ocrx_word' id='word_1_322' title='bbox 1141 3713 1267 3794; x_wconf 87' lang='lat' dir='ltr'>privan-</span> 
     </span>
     <span class='ocr_line' id='line_1_41' title="bbox 119 3797 1266 3882; baseline 0.001 -20"><span class='ocrx_word' id='word_1_323' title='bbox 119 3802 194 3863; x_wconf 91' lang='lat' dir='ltr'>dum</span> <span class='ocrx_word' id='word_1_324' title='bbox 218 3812 249 3862; x_wconf 92' lang='lat' dir='ltr'>et</span> <span class='ocrx_word' id='word_1_325' title='bbox 270 3802 489 3880; x_wconf 86' lang='lat' dir='ltr'>amovendum,</span> <span class='ocrx_word' id='word_1_326' title='bbox 513 3811 618 3863; x_wconf 90' lang='lat' dir='ltr'>tenore</span> <span class='ocrx_word' id='word_1_327' title='bbox 641 3798 838 3882; x_wconf 84' lang='lat' dir='ltr'>praesentium</span> <span class='ocrx_word' id='word_1_328' title='bbox 860 3797 1011 3859; x_wconf 89' lang='lat' dir='ltr'>duximus</span> <span class='ocrx_word' id='word_1_329' title='bbox 1029 3798 1266 3863; x_wconf 87' lang='lat' dir='ltr'>eoncedendum.</span> 
     </span>
     <span class='ocr_line' id='line_1_42' title="bbox 121 3883 1266 3969; baseline 0 -20"><span class='ocrx_word' id='word_1_330' title='bbox 121 3886 165 3949; x_wconf 86' lang='lat' dir='ltr'>Et</span> <span class='ocrx_word' id='word_1_331' title='bbox 188 3887 233 3949; x_wconf 89' lang='lat' dir='ltr'>sic</span> <span class='ocrx_word' id='word_1_332' title='bbox 251 3887 473 3950; x_wconf 86' lang='lat' dir='ltr'>decedentibus</span> <span class='ocrx_word' id='word_1_333' title='bbox 500 3884 682 3969; x_wconf 91' lang='lat' dir='ltr'>hujusmodi</span> <span class='ocrx_word' id='word_1_334' title='bbox 701 3884 906 3954; x_wconf 91' lang='lat' dir='ltr'>Custodibus,</span> <span class='ocrx_word' id='word_1_335' title='bbox 927 3883 1121 3963; x_wconf 88' lang='lat' dir='ltr'>cedentibus,</span> <span class='ocrx_word' id='word_1_336' title='bbox 1142 3897 1196 3948; x_wconf 87' lang='lat' dir='ltr'>aut</span> <span class='ocrx_word' id='word_1_337' title='bbox 1217 3888 1266 3949; x_wconf 84' lang='lat' dir='ltr'>eis</span> 
     </span>
     <span class='ocr_line' id='line_1_43' title="bbox 120 3970 1267 4058; baseline -0.001 -23"><span class='ocrx_word' id='word_1_338' title='bbox 120 3975 343 4058; x_wconf 90' lang='lat' dir='ltr'>quoquomodo</span> <span class='ocrx_word' id='word_1_339' title='bbox 359 3974 474 4035; x_wconf 87' lang='lat' dir='ltr'>exinde</span> <span class='ocrx_word' id='word_1_340' title='bbox 490 3973 624 4057; x_wconf 89' lang='lat' dir='ltr'>privatis</span> <span class='ocrx_word' id='word_1_341' title='bbox 641 3982 695 4034; x_wconf 85' lang='lat' dir='ltr'>aut</span> <span class='ocrx_word' id='word_1_342' title='bbox 720 3971 834 4032; x_wconf 90' lang='lat' dir='ltr'>amotis</span> <span class='ocrx_word' id='word_1_343' title='bbox 854 3971 1034 4039; x_wconf 84' lang='lat' dir='ltr'>infuturum,</span> <span class='ocrx_word' id='word_1_344' title='bbox 1051 3970 1134 4031; x_wconf 91' lang='lat' dir='ltr'>dicti</span> <span class='ocrx_word' id='word_1_345' title='bbox 1148 3972 1267 4034; x_wconf 90' lang='lat' dir='ltr'>residui</span> 
     </span>
     <span class='ocr_line' id='line_1_44' title="bbox 119 4053 1266 4144; baseline -0.003 -22"><span class='ocrx_word' id='word_1_346' title='bbox 119 4061 274 4123; x_wconf 86' lang='lat' dir='ltr'>scholares</span> <span class='ocrx_word' id='word_1_347' title='bbox 282 4058 422 4144; x_wconf 88' lang='lat' dir='ltr'>Collegij</span> <span class='ocrx_word' id='word_1_348' title='bbox 432 4059 582 4122; x_wconf 89' lang='lat' dir='ltr'>antedicti</span> <span class='ocrx_word' id='word_1_349' title='bbox 595 4059 767 4122; x_wconf 90' lang='lat' dir='ltr'>habeantet</span> <span class='ocrx_word' id='word_1_350' title='bbox 779 4056 891 4119; x_wconf 89' lang='lat' dir='ltr'>habere</span> <span class='ocrx_word' id='word_1_351' title='bbox 902 4055 1035 4139; x_wconf 89' lang='lat' dir='ltr'>possint,</span> <span class='ocrx_word' id='word_1_352' title='bbox 1040 4053 1133 4138; x_wconf 86' lang='lat' dir='ltr'>juxta</span> <span class='ocrx_word' id='word_1_353' title='bbox 1140 4057 1266 4119; x_wconf 91' lang='lat' dir='ltr'>ordina-</span> 
     </span>
     <span class='ocr_line' id='line_1_45' title="bbox 119 4141 1267 4229; baseline 0.002 -25"><span class='ocrx_word' id='word_1_354' title='bbox 119 4145 222 4208; x_wconf 89' lang='lat' dir='ltr'>tiones</span> <span class='ocrx_word' id='word_1_355' title='bbox 246 4158 276 4208; x_wconf 91' lang='lat' dir='ltr'>et</span> <span class='ocrx_word' id='word_1_356' title='bbox 300 4158 414 4208; x_wconf 90' lang='lat' dir='ltr'>statuta</span> <span class='ocrx_word' id='word_1_357' title='bbox 438 4147 594 4229; x_wconf 87' lang='lat' dir='ltr'>praedicta,</span> <span class='ocrx_word' id='word_1_358' title='bbox 612 4145 745 4208; x_wconf 87' lang='lat' dir='ltr'>liberam</span> <span class='ocrx_word' id='word_1_359' title='bbox 771 4142 952 4204; x_wconf 88' lang='lat' dir='ltr'>electionem</span> <span class='ocrx_word' id='word_1_360' title='bbox 979 4143 1018 4203; x_wconf 91' lang='lat' dir='ltr'>de</span> <span class='ocrx_word' id='word_1_361' title='bbox 1041 4142 1131 4204; x_wconf 89' lang='lat' dir='ltr'>novis</span> <span class='ocrx_word' id='word_1_362' title='bbox 1155 4141 1267 4206; x_wconf 91' lang='lat' dir='ltr'>Custo-</span> 
     </span>
     <span class='ocr_line' id='line_1_46' title="bbox 120 4228 1266 4316; baseline 0.001 -25"><span class='ocrx_word' id='word_1_363' title='bbox 120 4230 226 4304; x_wconf 91' lang='lat' dir='ltr'>dibus,</span> <span class='ocrx_word' id='word_1_364' title='bbox 241 4254 326 4315; x_wconf 68' lang='lat' dir='ltr'>quos</span> <span class='ocrx_word' id='word_1_365' title='bbox 352 4243 386 4295; x_wconf 92' lang='lat' dir='ltr'>ut</span> <span class='ocrx_word' id='word_1_366' title='bbox 412 4233 630 4316; x_wconf 86' lang='lat' dir='ltr'>supradictum</span> <span class='ocrx_word' id='word_1_367' title='bbox 654 4241 709 4299; x_wconf 91' lang='lat' dir='ltr'>est,</span> <span class='ocrx_word' id='word_1_368' title='bbox 734 4228 872 4305; x_wconf 86' lang='lat' dir='ltr'>admitti,</span> <span class='ocrx_word' id='word_1_369' title='bbox 894 4228 1081 4300; x_wconf 87' lang='lat' dir='ltr'>confirmari,</span> <span class='ocrx_word' id='word_1_370' title='bbox 1105 4229 1266 4312; x_wconf 88' lang='lat' dir='ltr'>regendos,</span> 
     </span>
     <span class='ocr_line' id='line_1_47' title="bbox 121 4313 1266 4402; baseline 0 -24"><span class='ocrx_word' id='word_1_371' title='bbox 121 4317 330 4402; x_wconf 89' lang='lat' dir='ltr'>corrigendos,</span> <span class='ocrx_word' id='word_1_372' title='bbox 357 4319 529 4401; x_wconf 86' lang='lat' dir='ltr'>privandos</span> <span class='ocrx_word' id='word_1_373' title='bbox 554 4330 584 4381; x_wconf 88' lang='lat' dir='ltr'>et</span> <span class='ocrx_word' id='word_1_374' title='bbox 612 4315 814 4387; x_wconf 89' lang='lat' dir='ltr'>amovendos,</span> <span class='ocrx_word' id='word_1_375' title='bbox 845 4327 876 4376; x_wconf 90' lang='lat' dir='ltr'>et</span> <span class='ocrx_word' id='word_1_376' title='bbox 904 4337 959 4377; x_wconf 92' lang='lat' dir='ltr'>eos</span> <span class='ocrx_word' id='word_1_377' title='bbox 983 4316 1027 4375; x_wconf 91' lang='lat' dir='ltr'>sic</span> <span class='ocrx_word' id='word_1_378' title='bbox 1056 4318 1087 4376; x_wconf 93' lang='lat' dir='ltr'>in</span> <span class='ocrx_word' id='word_1_379' title='bbox 1111 4313 1266 4378; x_wconf 84' lang='lat' dir='ltr'>Custodes</span> 
     </span>
     <span class='ocr_line' id='line_1_48' title="bbox 121 4398 1268 4486; baseline 0.001 -23"><span class='ocrx_word' id='word_1_380' title='bbox 121 4401 245 4475; x_wconf 88' lang='lat' dir='ltr'>electos,</span> <span class='ocrx_word' id='word_1_381' title='bbox 259 4403 427 4476; x_wconf 87' lang='lat' dir='ltr'>admissos,</span> <span class='ocrx_word' id='word_1_382' title='bbox 443 4416 474 4467; x_wconf 89' lang='lat' dir='ltr'>et</span> <span class='ocrx_word' id='word_1_383' title='bbox 489 4405 696 4481; x_wconf 85' lang='lat' dir='ltr'>confirmatos,</span> <span class='ocrx_word' id='word_1_384' title='bbox 711 4402 873 4484; x_wconf 86' lang='lat' dir='ltr'>regendos,</span> <span class='ocrx_word' id='word_1_385' title='bbox 886 4411 921 4463; x_wconf 89' lang='lat' dir='ltr'>ut</span> <span class='ocrx_word' id='word_1_386' title='bbox 934 4401 1104 4486; x_wconf 88' lang='lat' dir='ltr'>praefertur,</span> <span class='ocrx_word' id='word_1_387' title='bbox 1117 4398 1268 4465; x_wconf 80' lang='lat' dir='ltr'>Custodes</span> 
     </span>
     <span class='ocr_line' id='line_1_49' title="bbox 119 4485 1267 4576; baseline -0.001 -25"><span class='ocrx_word' id='word_1_388' title='bbox 119 4510 190 4552; x_wconf 90' lang='lat' dir='ltr'>esse</span> <span class='ocrx_word' id='word_1_389' title='bbox 214 4500 380 4574; x_wconf 87' lang='lat' dir='ltr'>perpetuos</span> <span class='ocrx_word' id='word_1_390' title='bbox 409 4489 551 4572; x_wconf 87' lang='lat' dir='ltr'>ejusdem</span> <span class='ocrx_word' id='word_1_391' title='bbox 578 4486 727 4576; x_wconf 87' lang='lat' dir='ltr'>Collegij,</span> <span class='ocrx_word' id='word_1_392' title='bbox 751 4488 866 4572; x_wconf 86' lang='lat' dir='ltr'>absque</span> <span class='ocrx_word' id='word_1_393' title='bbox 891 4485 1021 4551; x_wconf 85' lang='lat' dir='ltr'>licentia</span> <span class='ocrx_word' id='word_1_394' title='bbox 1041 4486 1080 4548; x_wconf 92' lang='lat' dir='ltr'>de</span> <span class='ocrx_word' id='word_1_395' title='bbox 1102 4485 1194 4548; x_wconf 89' lang='lat' dir='ltr'>nobis</span> <span class='ocrx_word' id='word_1_396' title='bbox 1216 4485 1267 4550; x_wconf 84' lang='lat' dir='ltr'>rel</span> 
     </span>
    </p>
   </div>
   <div class='ocr_carea' id='block_1_3' title="bbox 0 0 1515 4898">
    <p class='ocr_par' dir='ltr' id='par_1_3' title="bbox 0 0 1515 4898">
     <span class='ocr_line' id='line_1_50' title="bbox 0 0 1515 4898; baseline 0 0"><span class='ocrx_word' id='word_1_397' title='bbox 0 0 1515 4898; x_wconf 95' lang='lat' dir='ltr'> </span> 
     </span>
    </p>
   </div>
  </div>
 </body>
</html>
