3014 4898
485 246 727 329 Injuaetiensof
745 245 881 309 Vetera
1219 245 1261 310 73

113 429 145 480 et
169 417 283 490 civilis,
308 438 344 480 ac
368 416 414 478 sic
437 417 476 479 de
502 415 624 477 crateris
648 436 749 498 usque
774 415 816 477 ad
840 434 1005 477 numerum
1032 415 1260 498 supradictum,

114 505 283 567 secundum
307 501 526 567 discretionem
551 509 582 564 et
608 500 774 563 arbitrium
795 499 945 565 Custodis
968 499 1122 584 praedicti,
1136 501 1171 564 in
1193 513 1263 566 octo

115 591 299 653 melioribus
326 602 355 651 et
378 585 658 671 principalioribus
684 587 814 649 cameris
835 584 982 670 praedicti
1011 585 1146 672 Collegii
1170 588 1262 650 collo·

115 691 233 737 centur.
280 676 428 748 Quorum
459 672 594 757 quilibet
624 684 747 736 tantum
783 694 879 734 unum
911 671 1048 745 Socium,
1077 682 1109 735 et
1133 671 1262 736 alterius

116 761 285 835 facultatis
317 781 421 821 secum
449 759 561 822 habere
584 757 812 841 permittimus,
842 759 1041 821 cameralem.
1112 757 1263 821 Residuis

116 869 188 909 vero
214 845 317 908 Sociis
338 857 368 907 et
392 843 587 908 scholaribus
602 844 677 907 dicti
693 843 831 927 Collegri
846 843 917 906 aliae
932 855 1001 906 octo
1016 865 1159 922 camera,
1170 842 1263 926 juxta

116 932 336 995 discretionem
353 941 383 992 et
405 931 563 993 arbitrium
579 928 681 1013 ipsius
697 929 857 1007 Custodia,
872 929 1084 1015 assignentur;
1100 930 1198 992 tribus
1212 929 1264 993 vel

116 1017 240 1080 duobus
268 1015 369 1081 Sociis
393 1038 447 1079 seu
471 1015 667 1080 scholaribus
690 1017 723 1078 in
747 1014 881 1101 singulis
905 1017 1072 1080 earundem
1096 1015 1263 1080 collocatio.

117 1103 259 1176 Quomm
274 1103 411 1166 omnium
435 1102 595 1167 Sociorum
621 1115 651 1164 et
673 1101 864 1165 scholarium
887 1101 1019 1183 quilibet
1035 1099 1150 1163 lectum
1172 1122 1264 1164 snum

120 1189 234 1252 habeat
257 1188 436 1272 separatim,
452 1211 489 1252 ae
513 1186 596 1250 solus
621 1184 687 1250 sine
711 1188 794 1251 socio
814 1184 917 1268 jaceat
939 1187 1124 1250 omnimodo.
1179 1187 1265 1250 Prae-

118 1283 216 1348 terea,
241 1274 281 1337 ad
306 1271 459 1355 majorem
483 1273 697 1346 delectionem,
725 1272 896 1335 amicitiam
925 1283 953 1334 et
984 1272 1155 1343 caritatem,
1185 1273 1266 1334 inter

114 1361 244 1423 cosdem
260 1359 458 1421 nutriendam
481 1372 511 1422 et
533 1360 782 1430 conservandam,
806 1357 986 1422 ordinamus
1010 1359 1094 1442 quod
1116 1380 1193 1420 uuus
1212 1360 1265 1442 ju-

118 1448 206 1519 rista‚
230 1444 383 1529 quamdiu
409 1466 558 1506 numerus
584 1441 768 1524 juristarum
800 1443 940 1516 sufficiat,
970 1458 999 1506 et
1029 1465 1108 1505 unus
1134 1444 1180 1506 vel
1204 1446 1265 1507 duo

120 1533 246 1604 artistae,
268 1533 360 1614 juxta
383 1530 598 1593 discretionem
622 1529 776 1600 Custodis,
793 1531 824 1589 in
850 1529 980 1612 singulis
1004 1529 1174 1591 earundem
1197 1541 1266 1593 octo

120 1637 315 1679 camerarum
340 1614 512 1677 adinvicem
530 1628 766 1676 commorentur.
810 1613 967 1697 Quodque
983 1616 1014 1676 in
1030 1617 1146 1677 eisdem
1161 1637 1264 1678 came·

121 1703 162 1764 ris
186 1703 231 1763 sic
253 1700 413 1786 assignatis
436 1702 475 1762 sit
499 1722 580 1762 unns
600 1700 708 1764 Socios
734 1701 851 1762 caeteris
874 1702 1053 1763 maturitate
1066 1700 1224 1764 discretior
1238 1713 1268 1764 et

120 1789 245 1850 scientia
268 1787 449 1869 provectior,
465 1786 518 1870 qui
534 1786 603 1848 altis
619 1787 682 1848 suis
697 1785 794 1848 Sociis
810 1785 1013 1849 cameralibus
1027 1786 1268 1868 superintendat,

120 1885 151 1935 et
172 1875 211 1935 de
233 1874 374 1956 ipsorum
398 1873 546 1943 moribus,
561 1872 802 1942 conversatione,
823 1871 994 1955 studiisque
1016 1873 1165 1955 profectu,
1186 1871 1268 1934 Cus-

123 1960 238 2031 todem,
262 1958 516 2028 Vicecustodem,
543 1957 706 2020 Bursarios
728 1971 759 2020 et
781 1956 937 2033 Decanos,
954 1957 1030 2019 dicti
1052 1957 1196 2043 Collegii,
1211 1959 1269 2021 sub

121 2047 216 2127 ipsius
238 2045 341 2107 debito
362 2045 531 2128 juramenti
555 2043 697 2129 Collegio
715 2044 843 2126 praestiti
861 2043 1038 2126 supradicti,
1054 2043 1172 2127 quoties
1192 2064 1270 2126 opus

121 2131 223 2208 luerit,
254 2130 400 2193 veraciter
428 2129 575 2192 certificet
604 2140 633 2191 et
664 2129 816 2193 informet.
875 2127 1002 2191 Caeteris
1030 2150 1102 2191 vero
1133 2128 1272 2213 quinque

122 2217 252 2276 cameris
282 2216 357 2277 dicti
387 2214 522 2299 Collegii
547 2215 590 2275 ad
615 2236 708 2276 usum
732 2213 978 2298 capellauomm,
1009 2214 1212 2277 choristarum
1239 2226 1271 2276 et

122 2299 315 2362 servientium
349 2300 502 2382 ejusdem,
528 2297 621 2380 juxta
650 2300 811 2362 arbitrium
842 2310 873 2360 et
904 2298 1118 2360 discretionem
1152 2300 1271 2382 praefati

125 2383 269 2448 Custodis
284 2385 491 2468 disponendis,
507 2385 676 2447 reservatis.

185 2713 253 2798 [De
266 2713 372 2778 ordine
385 2713 566 2778 obsemvundo
579 2714 613 2778 in
628 2713 742 2778 divinis
755 2715 862 2800 efficiis
876 2715 1061 2778 celebrandis
1067 2737 1081 2788 ,·
1100 2713 1211 2799 1500]

172 2848 193 2911 J
195 2847 332 2913 ohannes
339 2846 519 2996 IEMorton}
530 2848 723 2910 miseratione
738 2848 845 2911 divina
856 2849 948 2912 titulo
963 2848 1087 2913 Sanctae
1096 2849 1277 2915 Anastasia

126 2949 326 2996 sacrosanctae
372 2955 494 2996 omanae
511 2934 649 2997 ecclesiae
665 2934 821 3020 presbyter
835 2932 1026 3007 Cardinalis,
1038 2935 1275 3001 cantuariensis

126 3020 402 3103 Archiepiscopus‚
413 3022 507 3083 totius
516 3020 644 3104 Angliae
656 3018 787 3100 Primos,
798 3031 827 3082 et
839 3019 1026 3105 Apostolieae
1035 3022 1116 3085 sedis
1128 3021 1276 3109 Legatus,

127 3106 245 3168 dilectis
255 3106 342 3168 nobis
353 3105 383 3166 in
393 3104 516 3169 Christo
529 3103 659 3170 Custodi
671 3106 809 3193 Collegii
820 3111 913 3168 nostri
923 3105 1111 3169 Animamm
1122 3106 1276 3173 Omnium

131 3191 287 3254 Fidelium
299 3190 527 3253 Defunctomm
541 3192 580 3253 de
598 3192 729 3265 Oxonia,
742 3207 771 3255 et
787 3190 927 3274 ejusdem
941 3192 1002 3255 loci
1019 3193 1127 3268 Sociis
1142 3206 1172 3256 et
1187 3196 1278 3258 schc-

129 3277 246 3339 laribus
270 3275 421 3358 ejusdem,
441 3277 581 3355 salutem,
601 3279 732 3362 gratiam
756 3289 785 3339 et
807 3278 1063 3342 benedictionem.
1110 3279 1276 3359 Quoniam,

129 3385 168 3424 ex
182 3362 366 3436 fundatione,
382 3361 505 3423 statutis
524 3373 554 3423 et
574 3362 831 3447 ordinationibus,
849 3363 988 3448 Collegii
1007 3364 1100 3426 nostri
1116 3365 1276 3438 antedicti,

130 3457 316 3508 statutorum
333 3445 439 3524 editio,
455 3446 622 3509 declaratio
644 3461 675 3508 et
696 3447 910 3530 interpretatio
926 3448 1105 3526 eorundem,
1121 3450 1162 3512 ad
1177 3471 1232 3514 nos
1247 3464 1277 3512 et

131 3553 321 3595 successores
337 3540 469 3609 nostros,
495 3529 733 3595 Cantuarienses
753 3531 1021 3617 Archiepiscopos‚
1045 3536 1160 3597 notorie
1183 3538 1279 3617 perti-

131 3640 204 3680 nere
217 3617 431 3694 dinoscantur3
454 3638 520 3687 nos,
534 3617 639 3703 igitur,
654 3619 930 3681 animadvertentes
945 3618 1032 3701 quod
1050 3620 1152 3683 omnis
1167 3620 1278 3684 Chris·

132 3705 217 3766 tiana
231 3702 384 3764 institutio
399 3703 541 3765 consistat
555 3705 586 3763 in
603 3705 694 3767 beata
709 3704 773 3766 vita
786 3705 1005 3788 comparanda,
1018 3728 1089 3787 quae
1104 3715 1278 3768 extremum

134 3790 252 3852 virtutis
267 3787 433 3871 praemium
448 3799 477 3850 et
492 3811 570 3851 verae
586 3788 837 3852 Christianorum
852 3790 995 3852 omnium
1010 3811 1141 3871 merces,
1155 3793 1194 3855 ab
1209 3791 1280 3876 ipso

133 3874 262 3937 Christo
286 3872 485 3951 decemitur3
509 3875 744 3953 considerantes,
768 3875 897 3959 insuper
921 3887 1074 3959 quantum
1096 3877 1143 3949 iis,
1168 3877 1280 3972 quiin

134 3960 357 4022 communitate
365 3961 478 4039 vivunt,
488 3961 639 4024 conducat
651 3961 772 4023 adeam
788 3963 1038 4045 consequendam
1048 3986 1123 4025 suus
1132 3985 1281 4047 quusque

135 4047 251 4130 gradus
266 4045 351 4125 ordo,
366 4045 435 4107 sine
450 4069 513 4129 quo
528 4068 592 4129 pax
607 4068 689 4119 vera,
705 4049 819 4110 mentis
833 4047 1050 4132 tranquillitas,
1066 4049 1186 4111 sincera
1201 4048 1281 4113 cari·

135 4146 195 4209 tas,
211 4132 314 4193 omnis
336 4132 469 4216 denique
491 4135 587 4195 beatae
601 4134 672 4195 vitae
687 4134 780 4213 actio,
795 4134 973 4218 extirpatur,
988 4134 1129 4218 nihilque
1144 4137 1281 4215 suavius,

136 4217 276 4280 sanctius
291 4227 344 4279 aut
360 4217 505 4294 divinius,
520 4241 588 4282 esse
604 4219 740 4281 diximus
755 4241 852 4302 quam
875 4241 983 4283 eorum
1001 4220 1122 4283 animos
1138 4220 1207 4306 (qui
1222 4222 1282 4284 sub

137 4311 241 4364 nostro
265 4304 416 4366 tutamine
432 4305 565 4404 degunt.)
585 4302 673 4386 justo
694 4305 799 4369 ordine
825 4306 903 4369 adeo
923 4307 1117 4390 tranquillos,
1136 4320 1228 4389 atque
1251 4309 1284 4369 in

137 4400 325 4472 perpetuum
349 4389 379 4452 in
405 4391 563 4470 ommhm,
587 4403 618 4454 et
645 4393 781 4456 maxime
804 4392 885 4455 cirea
908 4390 1093 4456 diviniorum
1110 4390 1283 4455 officiorum

138 4474 379 4538 observationem
403 4487 433 4537 et
456 4478 678 4552 executionem,
701 4488 826 4564 paratos
849 4479 1036 4552 redderent
1059 4478 1145 4542 nulla
1165 4479 1198 4541 in
1217 4500 1284 4564 pos·
