3014 4898
359 689 688 759 INJUNCTIONS
711 687 770 756 01⁴¹
794 689 1020 756 VlSlTORS.

135 1023 203 1108 [De
217 1026 408 1088 electionibus
420 1027 602 1089 celebrandis
617 1029 650 1088 in
663 1028 765 1110 officie
788 1024 997 1102 tstceeostodts,
1015 1023 1240 1087 Barsoriorum

354 1173 357 1179 .
409 1122 436 1173 et
452 1113 658 1186 Decooorrtm,
673 1115 836 1185 vocontio3
864 1107 971 1194 1445]

158 1245 316 1309 lohannes
332 1245 497 1331 [Stafford]
517 1247 724 1330 permissione
748 1247 857 1309 divina
881 1244 1113 1307 Cantuariensis
1133 1242 1262 1306 Archia-

115 1331 278 1415 piscopus,
297 1334 395 1396 totius
421 1334 550 1415 Anglire
571 1333 706 1412 Primos,
725 1346 755 1396 et
778 1331 970 1415 Apostolicae
1000 1330 1086 1392 sedis
1113 1330 1261 1412 Legatos,

114 1417 240 1480 dilectis
265 1419 299 1480 in
323 1419 451 1482 Christo
473 1419 551 1482 filiis
568 1419 714 1498 Custodi,
730 1419 834 1482 Sociis
852 1429 883 1480 et
895 1416 1107 1494 scholaribus,
1124 1415 1262 1499 Collegii

114 1504 212 1565 nostri
242 1504 433 1567 Animarum
458 1504 614 1567 Omnium
641 1505 798 1567 Fidelium
823 1503 1050 1568 Defunctorum
1072 1502 1107 1563 in
1128 1501 1262 1580 Oxonia,

115 1589 261 1668 salutem,
276 1590 408 1675 gratiam
423 1604 451 1652 et
467 1591 726 1654 benedictionem.
775 1590 860 1652 Cum
884 1612 922 1651 ex
940 1588 1125 1667 fundatione,
1141 1611 1262 1652 necnon

116 1677 242 1739 statutis
266 1689 295 1736 et
319 1676 570 1740 ordinationibus
600 1676 739 1762 Collegii
768 1675 864 1738 nostri
891 1673 1051 1752 antedicti,
1075 1684 1261 1736 statutorum

115 1761 226 1840 editio,
242 1762 411 1824 declaratio
433 1775 464 1824 et
488 1762 669 1845 impetratio
692 1763 874 1839 eorundem,
890 1759 929 1821 ad
947 1782 1003 1822 nos
1022 1771 1052 1822 et
1066 1761 1261 1823 successores

114 1859 246 1926 nostros,
262 1847 505 1911 Cantuarienses
522 1849 802 1932 Arcbiepiscopos,
821 1847 1001 1910 dinoscatur
1023 1847 1140 1908 notorie
1164 1845 1261 1930 perti·

115 1956 207 2008 nere3
231 1957 367 2018 cumque
392 1934 625 2015 Vicecustodis,
650 1935 859 1997 bursariorum
880 1945 910 1996 et
929 1932 1141 2010 Decanorum,
1160 1932 1263 1994 officia

116 2018 195 2080 dicti
210 2019 359 2106 collegii,
375 2021 414 2081 ad
430 2031 554 2104 tempus
570 2021 604 2082 in
619 2021 711 2085 dictis
729 2021 857 2083 statutis
876 2019 1063 2102 limitatum,
1072 2040 1177 2080 vacare
1191 2041 1262 2081 con-

116 2104 255 2189 tigerint,
275 2108 430 2188 quomodo
445 2108 485 2167 ad
507 2107 688 2170 electionem
707 2107 876 2169 eorundem
897 2103 1024 2188 procedi
1039 2105 1164 2181 debeat3
1188 2127 1261 2168 nec·

116 2212 179 2252 non
192 2190 221 2252 si
236 2192 403 2254 electiones
417 2193 588 2255 eorundem
603 2193 834 2270 Vicecustodis,
844 2190 1057 2254 bursariorum
1073 2205 1102 2252 et
1118 2189 1261 2254 Decano-

116 2297 197 2344 rum,
211 2279 383 2339 secundum
406 2277 536 2339 formam
554 2289 739 2340 statutorum
755 2288 785 2340 et
799 2276 1028 2340 ordinationum
1043 2275 1261 2359 praedictorum

116 2382 310 2443 nequaquam
342 2362 509 2448 contigerit.
539 2363 701 2442 celebrari,
721 2363 761 2425 de
791 2364 932 2445 ipsorum
962 2361 1179 2444 assumptione
1208 2385 1261 2424 seu

117 2447 314 2530 praelectione
336 2447 370 2509 in
389 2448 509 2510 eisdem
524 2449 668 2526 statutis;
692 2449 872 2510 nullatenus
891 2447 933 2509 sit
949 2447 1120 2531 provisum.
1166 2447 1262 2510 Unde

115 2553 180 2610 nos,
197 2533 335 2596 volentes
358 2533 391 2594 in
417 2534 589 2616 praemissis
609 2547 738 2619 patema
759 2532 972 2611 solicitudine,
996 2545 1032 2595 ut
1053 2547 1201 2611 tenemur,
1223 2534 1263 2596 de

117 2629 294 2701 opportuno
317 2619 457 2683 remedio
482 2619 655 2704 providere,
670 2621 826 2699 volumus,
841 2620 1018 2690 statuimus,
1033 2630 1063 2681 et
1083 2640 1140 2700 pro
1162 2619 1263 2682 futuro

116 2705 349 2787 inperpetuum
364 2706 555 2785 ordinamus,
571 2707 655 2790 quod
674 2706 923 2790 quandocunque
941 2704 1094 2770 dictorum
1109 2702 1262 2768 Vicecus-

115 2789 212 2868 todis,
229 2793 435 2854 bursariorum
454 2795 501 2855 vel
517 2792 727 2872 Decanorum,
738 2794 885 2870 officium,
900 2802 971 2853 ante
986 2802 1112 2874 tempus
1126 2790 1157 2852 in
1172 2790 1263 2856 dictis

117 2877 244 2939 statutis
272 2878 443 2940 limitatum
469 2901 576 2942 vacare
605 2879 780 2964 contigerit,
810 2889 890 2950 tunc,
915 2877 998 2939 inira
1025 2878 1118 2939 tn'um
1141 2875 1263 2942 dierum

118 2964 255 3045 spatium
279 2964 424 3047 proximo
449 2965 623 3027 futurorum
642 2989 661 3027 a
679 2979 818 3048 tempore
841 2964 933 3026 dictae
954 2962 1123 3024 vacationis
1146 2962 1262 3026 ibidem

118 3049 296 3130 publicatae,
319 3051 359 3112 ad
384 3051 565 3114 electionem
588 3052 743 3114 dictorum
758 3049 987 3128 Vicecustodis‚
1001 3049 1212 3112 bursariorum
1232 3061 1266 3121 et,

118 3133 327 3204 Decanornm,
348 3138 533 3219 procedetur
555 3137 692 3200 omnino.
730 3135 826 3211 Quod
849 3136 875 3198 si
899 3135 1100 3219 praeiatorum
1114 3135 1264 3200 Vicecus-

118 3220 213 3298 todis,
229 3221 441 3284 bursariorum
458 3236 486 3282 et
504 3222 715 3300 Decanorum,
733 3232 789 3283 aut
802 3244 908 3285 eorum
923 3219 1068 3301 alicujus,
1082 3221 1263 3285 electionem

119 3303 197 3366 inira
221 3317 281 3368 tres
306 3308 371 3368 dies
395 3319 465 3389 post
489 3321 614 3389 tempus
637 3310 670 3370 in
686 3307 777 3370 dictis
792 3305 920 3369 statutis
933 3306 1112 3383 limitatum,
1126 3328 1180 3368 seu
1194 3307 1262 3373 dic·

118 3401 222 3458 torum
237 3392 328 3452 trium
345 3392 465 3453 dierum
488 3393 638 3475 spatium,
652 3392 806 3455 'celebrari
825 3413 886 3452 non
906 3392 1075 3475 contigerit,
1090 3392 1175 3475 quod
1189 3405 1264 3458 tunc

119 3475 159 3535 ad
176 3497 230 3538 nos
246 3489 278 3537 et
293 3499 486 3540 successores
504 3490 634 3550 nostros,
649 3477 892 3542 Cantuarienses
909 3476 1178 3559 Archiepiscop0s‚
1193 3479 1264 3542 sede

119 3561 225 3643 plene,
240 3561 314 3644 ipsa
328 3585 396 3625 vero
411 3563 483 3625 sede
499 3576 624 3626 vacante
639 3565 678 3625 ad
692 3563 834 3626 Priorem
848 3561 987 3624 ecclesia
1008 3574 1120 3626 nostrae
1143 3563 1264 3629 Cantu-

119 3647 259 3726 ariensis,
275 3648 334 3716 vel,
345 3649 377 3709 in
393 3648 493 3732 ipsius
511 3650 660 3722 absentia,
676 3649 715 3714 ad
729 3649 893 3712 officialem
911 3648 1006 3710 curiae
1018 3660 1128 3712 nostrae
1144 3649 1263 3713 Cantu-

120 3733 258 3801 ariensis‚
284 3735 396 3796 electio
422 3735 572 3817 pertinere
592 3734 712 3798 debeat.
768 3734 955 3796 Mandantes
981 3745 1135 3817 quatenus
1158 3758 1209 3798 vos
1233 3753 1264 3800 et.

120 3841 314 3882 successores
325 3820 420 3883 vestri
436 3819 509 3882 huic
525 3834 638 3884 nostrae
652 3821 838 3903 ordinationi
853 3820 991 3904 pareatis
1006 3835 1036 3882 et
1048 3835 1177 3904 pareant
1192 3845 1265 3886 cum

120 3905 241 3969 effectu.
287 3904 325 3967 ln
349 3928 482 3989 quorum
503 3905 642 3968 omnium
667 3918 698 3968 et
721 3907 917 3992 singulorum
940 3907 1164 3986 testimonium,
1185 3931 1266 3992 prae-

121 3991 203 4052 senti
225 3992 369 4072 sigillum
387 4005 528 4054 nostrum
543 3992 761 4075 apposuimus.
807 3992 930 4056 Datum
954 3992 1000 4057 in.
1011 3995 1148 4055 manerio
1164 4010 1268 4060 nostro

120 4077 158 4138 de
175 4077 344 4157 Lambetlr,
356 4100 435 4140 nono
450 4078 499 4140 die
515 4078 634 4140 mensis
653 4078 846 4157 Decembris,
863 4101 944 4141 anno
960 4079 1087 4142 Domini
1101 4078 1268 4144 millesimo

120 4163 430 4248 quadringentesimo
453 4165 692 4249 quadragesimo
719 4163 841 4247 quinto,
867 4177 896 4227 et
926 4177 1036 4228 nostrae
1061 4167 1269 4230 translationis

120 4271 200 4311 anno
216 4251 314 4315 tertio.

525 4399 864 4410 “W
