<?xml version="1.0" encoding="UTF-8"?>
<!DOCTYPE html PUBLIC "-//W3C//DTD XHTML 1.0 Transitional//EN"
    "http://www.w3.org/TR/xhtml1/DTD/xhtml1-transitional.dtd">
<html xmlns="http://www.w3.org/1999/xhtml" xml:lang="en" lang="en">
 <head>
  <title>
</title>
<meta http-equiv="Content-Type" content="text/html;charset=utf-8" />
  <meta name='ocr-system' content='tesseract 3.04.00' />
  <meta name='ocr-capabilities' content='ocr_page ocr_carea ocr_par ocr_line ocrx_word'/>
</head>
<body>
  <div class='ocr_page' id='page_1' title='image "./statutescollege01bondgoog_0029.png"; bbox 0 0 3014 4898; ppageno 0'>
   <div class='ocr_carea' id='block_1_1' title="bbox 238 206 1145 300">
    <p class='ocr_par' dir='ltr' id='par_1_1' title="bbox 238 206 1145 300">
     <span class='ocr_line' id='line_1_1' title="bbox 238 206 1145 300; baseline 0 -24"><span class='ocrx_word' id='word_1_1' title='bbox 238 213 281 277; x_wconf 72' lang='lat'><strong>24</strong></span> <span class='ocrx_word' id='word_1_2' title='bbox 489 212 624 280; x_wconf 69' lang='lat' dir='ltr'><strong>&amp;atum</strong></span> <span class='ocrx_word' id='word_1_3' title='bbox 638 213 744 298; x_wconf 83' lang='lat' dir='ltr'><strong>ofAIl</strong></span> <span class='ocrx_word' id='word_1_4' title='bbox 758 213 850 280; x_wconf 78' lang='lat' dir='ltr'><strong>Souis</strong></span> <span class='ocrx_word' id='word_1_5' title='bbox 868 206 993 300; x_wconf 65' lang='lat' dir='ltr'><strong>Collega,</strong></span> <span class='ocrx_word' id='word_1_6' title='bbox 1016 213 1145 299; x_wconf 71' lang='lat' dir='ltr'><strong>Osset-d.</strong></span> 
     </span>
    </p>
   </div>
   <div class='ocr_carea' id='block_1_2' title="bbox 27 386 1472 2886">
    <p class='ocr_par' dir='ltr' id='par_1_2' title="bbox 27 386 1472 2886">
     <span class='ocr_line' id='line_1_2' title="bbox 239 386 1397 474; baseline -0.003 -24"><span class='ocrx_word' id='word_1_7' title='bbox 239 387 471 452; x_wconf 80' lang='lat' dir='ltr'><strong>ordinationum</strong></span> <span class='ocrx_word' id='word_1_8' title='bbox 494 401 524 450; x_wconf 90' lang='lat' dir='ltr'><strong>et</strong></span> <span class='ocrx_word' id='word_1_9' title='bbox 551 399 737 451; x_wconf 87' lang='lat' dir='ltr'><strong>statutorum</strong></span> <span class='ocrx_word' id='word_1_10' title='bbox 765 386 906 471; x_wconf 85' lang='lat' dir='ltr'><strong>ejusdem</strong></span> <span class='ocrx_word' id='word_1_11' title='bbox 932 389 1080 474; x_wconf 88' lang='lat' dir='ltr'><strong>Collegii,</strong></span> <span class='ocrx_word' id='word_1_12' title='bbox 1108 397 1262 472; x_wconf 89' lang='lat' dir='ltr'><strong>quantum</strong></span> <span class='ocrx_word' id='word_1_13' title='bbox 1287 388 1321 449; x_wconf 93' lang='lat' dir='ltr'><strong>in</strong></span> <span class='ocrx_word' id='word_1_14' title='bbox 1345 407 1397 447; x_wconf 89' lang='lat' dir='ltr'><strong>me</strong></span> 
     </span>
     <span class='ocr_line' id='line_1_3' title="bbox 240 472 1396 558; baseline -0.002 -22"><span class='ocrx_word' id='word_1_15' title='bbox 240 475 332 537; x_wconf 88' lang='lat' dir='ltr'><strong>fuerit</strong></span> <span class='ocrx_word' id='word_1_16' title='bbox 346 487 377 536; x_wconf 90' lang='lat' dir='ltr'><strong>et</strong></span> <span class='ocrx_word' id='word_1_17' title='bbox 392 475 433 537; x_wconf 91' lang='lat' dir='ltr'><strong>ad</strong></span> <span class='ocrx_word' id='word_1_18' title='bbox 448 496 498 536; x_wconf 86' lang='lat' dir='ltr'><strong>me</strong></span> <span class='ocrx_word' id='word_1_19' title='bbox 511 476 703 558; x_wconf 81' lang='lat' dir='ltr'>pertinuerit,</span> <span class='ocrx_word' id='word_1_20' title='bbox 719 475 836 558; x_wconf 91' lang='lat' dir='ltr'><strong>parebo</strong></span> <span class='ocrx_word' id='word_1_21' title='bbox 852 499 923 538; x_wconf 91' lang='lat' dir='ltr'><strong>cnm</strong></span> <span class='ocrx_word' id='word_1_22' title='bbox 944 476 1069 541; x_wconf 80' lang='lat' dir='ltr'><strong>effectu.</strong></span> <span class='ocrx_word' id='word_1_23' title='bbox 1114 474 1235 540; x_wconf 82' lang='lat' dir='ltr'>Contra</span> <span class='ocrx_word' id='word_1_24' title='bbox 1253 472 1308 558; x_wconf 92' lang='lat' dir='ltr'><strong>jus</strong></span> <span class='ocrx_word' id='word_1_25' title='bbox 1322 495 1396 535; x_wconf 90' lang='lat' dir='ltr'><strong>vero</strong></span> 
     </span>
     <span class='ocr_line' id='line_1_4' title="bbox 240 559 1472 646; baseline -0.003 -22"><span class='ocrx_word' id='word_1_26' title='bbox 240 561 289 624; x_wconf 85' lang='lat' dir='ltr'><strong>rel</strong></span> <span class='ocrx_word' id='word_1_27' title='bbox 306 583 484 646; x_wconf 85' lang='lat' dir='ltr'>repugnans</span> <span class='ocrx_word' id='word_1_28' title='bbox 500 561 684 646; x_wconf 79' lang='lat' dir='ltr'><strong>praemissis,</strong></span> <span class='ocrx_word' id='word_1_29' title='bbox 700 562 733 623; x_wconf 92' lang='lat' dir='ltr'><strong>in</strong></span> <span class='ocrx_word' id='word_1_30' title='bbox 751 559 876 644; x_wconf 90' lang='lat' dir='ltr'><strong>judicio</strong></span> <span class='ocrx_word' id='word_1_31' title='bbox 892 563 942 624; x_wconf 91' lang='lat' dir='ltr'><strong>vel</strong></span> <span class='ocrx_word' id='word_1_32' title='bbox 957 574 1055 641; x_wconf 87' lang='lat' dir='ltr'><strong>extra,</strong></span> <span class='ocrx_word' id='word_1_33' title='bbox 1074 564 1163 626; x_wconf 88' lang='lat' dir='ltr'><strong>tacite</strong></span> <span class='ocrx_word' id='word_1_34' title='bbox 1179 562 1227 623; x_wconf 91' lang='lat' dir='ltr'><strong>vel</strong></span> <span class='ocrx_word' id='word_1_35' title='bbox 1243 582 1397 645; x_wconf 78' lang='lat' dir='ltr'>expresse,</span> <span class='ocrx_word' id='word_1_36' title='bbox 1468 623 1472 632; x_wconf 68' lang='grc'><strong>,</strong></span> 
     </span>
     <span class='ocr_line' id='line_1_5' title="bbox 240 646 1396 732; baseline 0 -24"><span class='ocrx_word' id='word_1_37' title='bbox 240 669 300 710; x_wconf 91' lang='lat' dir='ltr'><strong>non</strong></span> <span class='ocrx_word' id='word_1_38' title='bbox 315 647 427 710; x_wconf 88' lang='lat' dir='ltr'><strong>faciam</strong></span> <span class='ocrx_word' id='word_1_39' title='bbox 453 669 508 709; x_wconf 90' lang='lat' dir='ltr'><strong>seu</strong></span> <span class='ocrx_word' id='word_1_40' title='bbox 530 648 598 709; x_wconf 90' lang='lat' dir='ltr'><strong>fieri</strong></span> <span class='ocrx_word' id='word_1_41' title='bbox 622 647 794 732; x_wconf 78' lang='lat' dir='ltr'><strong>procurabo</strong></span> <span class='ocrx_word' id='word_1_42' title='bbox 817 658 870 710; x_wconf 91' lang='lat' dir='ltr'><strong>aut</strong></span> <span class='ocrx_word' id='word_1_43' title='bbox 895 649 963 711; x_wconf 86' lang='lat' dir='ltr'><strong>fieri</strong></span> <span class='ocrx_word' id='word_1_44' title='bbox 986 648 1179 732; x_wconf 82' lang='lat' dir='ltr'><strong>permittam,</strong></span> <span class='ocrx_word' id='word_1_45' title='bbox 1195 669 1252 710; x_wconf 87' lang='lat' dir='ltr'><strong>nec</strong></span> <span class='ocrx_word' id='word_1_46' title='bbox 1274 646 1396 708; x_wconf 91' lang='lat' dir='ltr'><strong>eisdem</strong></span> 
     </span>
     <span class='ocr_line' id='line_1_6' title="bbox 27 732 1396 823; baseline -0.004 -25"><span class='ocrx_word' id='word_1_47' title='bbox 27 744 203 823; x_wconf 53' lang='lat' dir='ltr'><strong>Antmnaot</strong></span> <span class='ocrx_word' id='word_1_48' title='bbox 240 733 413 795; x_wconf 73' lang='lat' dir='ltr'><strong>assentiam</strong></span> <span class='ocrx_word' id='word_1_49' title='bbox 439 735 656 817; x_wconf 80' lang='lat' dir='ltr'><strong>quovismodo.</strong></span> <span class='ocrx_word' id='word_1_50' title='bbox 701 734 793 804; x_wconf 87' lang='lat' dir='ltr'><strong>Item,</strong></span> <span class='ocrx_word' id='word_1_51' title='bbox 815 734 900 817; x_wconf 93' lang='lat' dir='ltr'><strong>quod</strong></span> <span class='ocrx_word' id='word_1_52' title='bbox 922 735 964 797; x_wconf 86' lang='lat' dir='ltr'><strong>ad</strong></span> <span class='ocrx_word' id='word_1_53' title='bbox 989 735 1068 798; x_wconf 91' lang='lat' dir='ltr'><strong>dicti</strong></span> <span class='ocrx_word' id='word_1_54' title='bbox 1092 733 1228 818; x_wconf 87' lang='lat' dir='ltr'><strong>Collegii</strong></span> <span class='ocrx_word' id='word_1_55' title='bbox 1253 732 1396 795; x_wconf 91' lang='lat' dir='ltr'><strong>meliora·</strong></span> 
     </span>
     <span class='ocr_line' id='line_1_7' title="bbox 27 811 1395 905; baseline -0.004 -19"><span class='ocrx_word' id='word_1_56' title='bbox 27 811 126 873; x_wconf 52' lang='grc' dir='ltr'><strong>ΜΨ</strong></span> <span class='ocrx_word' id='word_1_57' title='bbox 136 827 163 886; x_wconf 86' lang='lat'><strong>¹¹¹.</strong></span> <span class='ocrx_word' id='word_1_58' title='bbox 175 825 232 858; x_wconf 62' lang='grc' dir='ltr'><strong>ω’</strong></span> <span class='ocrx_word' id='word_1_59' title='bbox 242 819 370 889; x_wconf 90' lang='lat' dir='ltr'><strong>tionem,</strong></span> <span class='ocrx_word' id='word_1_60' title='bbox 386 820 667 904; x_wconf 83' lang='lat' dir='ltr'><strong>augmentationem</strong></span> <span class='ocrx_word' id='word_1_61' title='bbox 680 820 839 893; x_wconf 89' lang='lat' dir='ltr'><strong>bonorum,</strong></span> <span class='ocrx_word' id='word_1_62' title='bbox 850 832 1014 896; x_wconf 91' lang='lat' dir='ltr'><strong>terrarum,</strong></span> <span class='ocrx_word' id='word_1_63' title='bbox 1030 821 1275 905; x_wconf 88' lang='lat' dir='ltr'><strong>prosessionum,</strong></span> <span class='ocrx_word' id='word_1_64' title='bbox 1291 818 1395 880; x_wconf 91' lang='lat' dir='ltr'><strong>reddi·</strong></span> 
     </span>
     <span class='ocr_line' id='line_1_8' title="bbox 28 877 1396 989; baseline -0.002 -21"><span class='ocrx_word' id='word_1_65' title='bbox 28 877 204 941; x_wconf 80' lang='lat' dir='ltr'><strong>otpromctun.</strong></span> <span class='ocrx_word' id='word_1_66' title='bbox 241 919 341 977; x_wconf 89' lang='lat' dir='ltr'><strong>tuum,</strong></span> <span class='ocrx_word' id='word_1_67' title='bbox 360 920 390 969; x_wconf 90' lang='lat' dir='ltr'><strong>et</strong></span> <span class='ocrx_word' id='word_1_68' title='bbox 407 904 529 988; x_wconf 86' lang='lat' dir='ltr'><strong>jurium</strong></span> <span class='ocrx_word' id='word_1_69' title='bbox 549 904 684 988; x_wconf 87' lang='lat' dir='ltr'><strong>ejusdem</strong></span> <span class='ocrx_word' id='word_1_70' title='bbox 704 907 968 970; x_wconf 83' lang='lat' dir='ltr'><strong>conservationem</strong></span> <span class='ocrx_word' id='word_1_71' title='bbox 983 918 1013 970; x_wconf 90' lang='lat' dir='ltr'><strong>et</strong></span> <span class='ocrx_word' id='word_1_72' title='bbox 1028 906 1250 983; x_wconf 85' lang='lat' dir='ltr'><strong>defensionem,</strong></span> <span class='ocrx_word' id='word_1_73' title='bbox 1270 926 1396 989; x_wconf 89' lang='lat' dir='ltr'><strong>promo·</strong></span> 
     </span>
     <span class='ocr_line' id='line_1_9' title="bbox 241 990 1394 1078; baseline -0.002 -25"><span class='ocrx_word' id='word_1_74' title='bbox 241 991 370 1070; x_wconf 89' lang='lat' dir='ltr'><strong>tionem,</strong></span> <span class='ocrx_word' id='word_1_75' title='bbox 378 1006 409 1054; x_wconf 90' lang='lat' dir='ltr'><strong>et</strong></span> <span class='ocrx_word' id='word_1_76' title='bbox 422 991 653 1075; x_wconf 85' lang='lat' dir='ltr'><strong>expeditionem</strong></span> <span class='ocrx_word' id='word_1_77' title='bbox 670 993 866 1078; x_wconf 88' lang='lat' dir='ltr'><strong>negotiomm</strong></span> <span class='ocrx_word' id='word_1_78' title='bbox 881 1015 1139 1077; x_wconf 90' lang='lat' dir='ltr'><strong>quorumcunque</strong></span> <span class='ocrx_word' id='word_1_79' title='bbox 1152 994 1233 1056; x_wconf 88' lang='lat' dir='ltr'><strong>dicti</strong></span> <span class='ocrx_word' id='word_1_80' title='bbox 1246 990 1394 1075; x_wconf 81' lang='lat' dir='ltr'><strong>Collegit,</strong></span> 
     </span>
     <span class='ocr_line' id='line_1_10' title="bbox 242 1077 1395 1164; baseline -0.003 -23"><span class='ocrx_word' id='word_1_81' title='bbox 242 1077 285 1141; x_wconf 91' lang='lat' dir='ltr'><strong>ad</strong></span> <span class='ocrx_word' id='word_1_82' title='bbox 297 1100 510 1161; x_wconf 86' lang='lat' dir='ltr'><strong>quemcunque</strong></span> <span class='ocrx_word' id='word_1_83' title='bbox 522 1088 647 1158; x_wconf 90' lang='lat' dir='ltr'><strong>statum,</strong></span> <span class='ocrx_word' id='word_1_84' title='bbox 659 1079 803 1164; x_wconf 91' lang='lat' dir='ltr'><strong>gradum,</strong></span> <span class='ocrx_word' id='word_1_85' title='bbox 817 1080 1014 1164; x_wconf 87' lang='lat' dir='ltr'><strong>dignitatem,</strong></span> <span class='ocrx_word' id='word_1_86' title='bbox 1024 1081 1173 1142; x_wconf 91' lang='lat' dir='ltr'><strong>honorem</strong></span> <span class='ocrx_word' id='word_1_87' title='bbox 1188 1079 1238 1142; x_wconf 90' lang='lat' dir='ltr'><strong>vel</strong></span> <span class='ocrx_word' id='word_1_88' title='bbox 1246 1079 1395 1147; x_wconf 88' lang='lat' dir='ltr'><strong>officium,</strong></span> 
     </span>
     <span class='ocr_line' id='line_1_11' title="bbox 242 1165 1397 1248; baseline -0.002 -20"><span class='ocrx_word' id='word_1_89' title='bbox 242 1165 447 1248; x_wconf 84' lang='lat' dir='ltr'><strong>imposterum</strong></span> <span class='ocrx_word' id='word_1_90' title='bbox 471 1167 632 1241; x_wconf 76' lang='lat' dir='ltr'><strong>devenero,</strong></span> <span class='ocrx_word' id='word_1_91' title='bbox 659 1167 691 1227; x_wconf 89' lang='lat' dir='ltr'><strong>in</strong></span> <span class='ocrx_word' id='word_1_92' title='bbox 716 1167 799 1228; x_wconf 90' lang='lat' dir='ltr'><strong>sanis</strong></span> <span class='ocrx_word' id='word_1_93' title='bbox 823 1166 979 1239; x_wconf 91' lang='lat' dir='ltr'><strong>consiliis,</strong></span> <span class='ocrx_word' id='word_1_94' title='bbox 996 1166 1168 1236; x_wconf 90' lang='lat' dir='ltr'><strong>beneficiis,</strong></span> <span class='ocrx_word' id='word_1_95' title='bbox 1185 1165 1345 1227; x_wconf 86' lang='lat' dir='ltr'><strong>favoribus</strong></span> <span class='ocrx_word' id='word_1_96' title='bbox 1366 1176 1397 1226; x_wconf 81' lang='lat' dir='ltr'><strong>et</strong></span> 
     </span>
     <span class='ocr_line' id='line_1_12' title="bbox 242 1251 1395 1336; baseline -0.001 -23"><span class='ocrx_word' id='word_1_97' title='bbox 242 1252 374 1322; x_wconf 85' lang='lat' dir='ltr'><strong>auxiliis,</strong></span> <span class='ocrx_word' id='word_1_98' title='bbox 388 1261 539 1334; x_wconf 88' lang='lat' dir='ltr'><strong>quantum</strong></span> <span class='ocrx_word' id='word_1_99' title='bbox 555 1251 589 1312; x_wconf 94' lang='lat' dir='ltr'><strong>in</strong></span> <span class='ocrx_word' id='word_1_100' title='bbox 605 1274 655 1313; x_wconf 91' lang='lat' dir='ltr'><strong>me</strong></span> <span class='ocrx_word' id='word_1_101' title='bbox 671 1251 764 1314; x_wconf 89' lang='lat' dir='ltr'><strong>fuerit</strong></span> <span class='ocrx_word' id='word_1_102' title='bbox 779 1266 810 1315; x_wconf 88' lang='lat' dir='ltr'><strong>et</strong></span> <span class='ocrx_word' id='word_1_103' title='bbox 825 1254 865 1314; x_wconf 89' lang='lat' dir='ltr'><strong>ad</strong></span> <span class='ocrx_word' id='word_1_104' title='bbox 882 1265 933 1314; x_wconf 91' lang='lat' dir='ltr'><strong>me</strong></span> <span class='ocrx_word' id='word_1_105' title='bbox 949 1253 1146 1335; x_wconf 77' lang='lat' dir='ltr'><strong>pertinuerit,</strong></span> <span class='ocrx_word' id='word_1_106' title='bbox 1158 1252 1328 1336; x_wconf 86' lang='lat' dir='ltr'><strong>diligenter</strong></span> <span class='ocrx_word' id='word_1_107' title='bbox 1344 1252 1395 1312; x_wconf 90' lang='lat' dir='ltr'><strong>in·</strong></span> 
     </span>
     <span class='ocr_line' id='line_1_13' title="bbox 241 1335 1397 1420; baseline -0.002 -20"><span class='ocrx_word' id='word_1_108' title='bbox 241 1337 369 1400; x_wconf 87' lang='lat' dir='ltr'><strong>tendam</strong></span> <span class='ocrx_word' id='word_1_109' title='bbox 385 1353 414 1400; x_wconf 91' lang='lat' dir='ltr'><strong>et</strong></span> <span class='ocrx_word' id='word_1_110' title='bbox 431 1335 561 1420; x_wconf 87' lang='lat' dir='ltr'><strong>juvabo,</strong></span> <span class='ocrx_word' id='word_1_111' title='bbox 582 1348 614 1400; x_wconf 89' lang='lat' dir='ltr'><strong>et</strong></span> <span class='ocrx_word' id='word_1_112' title='bbox 629 1359 686 1420; x_wconf 90' lang='lat' dir='ltr'><strong>pro</strong></span> <span class='ocrx_word' id='word_1_113' title='bbox 698 1338 819 1400; x_wconf 89' lang='lat' dir='ltr'><strong>eisdem</strong></span> <span class='ocrx_word' id='word_1_114' title='bbox 845 1338 979 1401; x_wconf 89' lang='lat' dir='ltr'><strong>fideliter</strong></span> <span class='ocrx_word' id='word_1_115' title='bbox 1001 1339 1161 1417; x_wconf 89' lang='lat' dir='ltr'><strong>laborabo,</strong></span> <span class='ocrx_word' id='word_1_116' title='bbox 1182 1354 1213 1400; x_wconf 91' lang='lat' dir='ltr'><strong>et</strong></span> <span class='ocrx_word' id='word_1_117' title='bbox 1235 1360 1331 1420; x_wconf 92' lang='lat' dir='ltr'><strong>usqne</strong></span> <span class='ocrx_word' id='word_1_118' title='bbox 1356 1337 1397 1398; x_wconf 90' lang='lat' dir='ltr'><strong>ad</strong></span> 
     </span>
     <span class='ocr_line' id='line_1_14' title="bbox 242 1422 1398 1510; baseline -0.003 -23"><span class='ocrx_word' id='word_1_119' title='bbox 242 1424 368 1487; x_wconf 75' lang='lat' dir='ltr'><strong>finalem</strong></span> <span class='ocrx_word' id='word_1_120' title='bbox 397 1440 427 1485; x_wconf 89' lang='lat' dir='ltr'><strong>et</strong></span> <span class='ocrx_word' id='word_1_121' title='bbox 455 1423 576 1486; x_wconf 82' lang='lat' dir='ltr'><strong>felicem</strong></span> <span class='ocrx_word' id='word_1_122' title='bbox 602 1423 838 1506; x_wconf 79' lang='lat' dir='ltr'><strong>expeditionem</strong></span> <span class='ocrx_word' id='word_1_123' title='bbox 866 1425 1067 1510; x_wconf 88' lang='lat' dir='ltr'><strong>negotiorum</strong></span> <span class='ocrx_word' id='word_1_124' title='bbox 1094 1423 1278 1509; x_wconf 90' lang='lat' dir='ltr'><strong>hujusmodi</strong></span> <span class='ocrx_word' id='word_1_125' title='bbox 1302 1422 1398 1505; x_wconf 86' lang='lat' dir='ltr'><strong>juxta</strong></span> 
     </span>
     <span class='ocr_line' id='line_1_15' title="bbox 242 1510 1398 1594; baseline 0 -22"><span class='ocrx_word' id='word_1_126' title='bbox 242 1532 337 1594; x_wconf 89' lang='lat' dir='ltr'><strong>posse</strong></span> <span class='ocrx_word' id='word_1_127' title='bbox 359 1510 495 1589; x_wconf 88' lang='lat' dir='ltr'><strong>instabo,</strong></span> <span class='ocrx_word' id='word_1_128' title='bbox 518 1511 670 1593; x_wconf 90' lang='lat' dir='ltr'><strong>quamdiu</strong></span> <span class='ocrx_word' id='word_1_129' title='bbox 685 1511 790 1574; x_wconf 87' lang='lat' dir='ltr'><strong>vixero</strong></span> <span class='ocrx_word' id='word_1_130' title='bbox 813 1512 845 1573; x_wconf 90' lang='lat' dir='ltr'><strong>in</strong></span> <span class='ocrx_word' id='word_1_131' title='bbox 865 1512 924 1575; x_wconf 91' lang='lat' dir='ltr'><strong>hoc</strong></span> <span class='ocrx_word' id='word_1_132' title='bbox 945 1512 1070 1574; x_wconf 89' lang='lat' dir='ltr'><strong>mundo.</strong></span> <span class='ocrx_word' id='word_1_133' title='bbox 1115 1512 1209 1585; x_wconf 88' lang='lat' dir='ltr'><strong>Item,</strong></span> <span class='ocrx_word' id='word_1_134' title='bbox 1232 1511 1316 1593; x_wconf 88' lang='lat' dir='ltr'><strong>quod</strong></span> <span class='ocrx_word' id='word_1_135' title='bbox 1341 1531 1398 1572; x_wconf 91' lang='lat' dir='ltr'><strong>non</strong></span> 
     </span>
     <span class='ocr_line' id='line_1_16' title="bbox 30 1596 1397 1680; baseline -0.007 -14"><span class='ocrx_word' id='word_1_136' title='bbox 30 1615 139 1667; x_wconf 72' lang='lat' dir='ltr'><strong>Nsmbo</strong></span> <span class='ocrx_word' id='word_1_137' title='bbox 149 1616 232 1665; x_wconf 73' lang='lat' dir='ltr'><strong>otuu.</strong></span> <span class='ocrx_word' id='word_1_138' title='bbox 243 1597 414 1680; x_wconf 89' lang='lat' dir='ltr'><strong>procurabo</strong></span> <span class='ocrx_word' id='word_1_139' title='bbox 428 1596 685 1669; x_wconf 83' lang='lat' dir='ltr'><strong>diminutionem,</strong></span> <span class='ocrx_word' id='word_1_140' title='bbox 703 1597 947 1674; x_wconf 88' lang='lat' dir='ltr'><strong>translationem,</strong></span> <span class='ocrx_word' id='word_1_141' title='bbox 962 1597 1167 1660; x_wconf 88' lang='lat' dir='ltr'><strong>mutationem</strong></span> <span class='ocrx_word' id='word_1_142' title='bbox 1183 1619 1237 1658; x_wconf 90' lang='lat' dir='ltr'><strong>seu</strong></span> <span class='ocrx_word' id='word_1_143' title='bbox 1252 1596 1397 1658; x_wconf 87' lang='lat' dir='ltr'><strong>annulla-</strong></span> 
     </span>
     <span class='ocr_line' id='line_1_17' title="bbox 31 1680 1397 1766; baseline -0.002 -21"><span class='ocrx_word' id='word_1_144' title='bbox 31 1680 131 1730; x_wconf 70' lang='lat' dir='ltr'><strong>deusta</strong></span> <span class='ocrx_word' id='word_1_145' title='bbox 143 1681 183 1728; x_wconf 80' lang='lat' dir='ltr'><strong>the</strong></span> <span class='ocrx_word' id='word_1_146' title='bbox 243 1683 373 1762; x_wconf 89' lang='lat' dir='ltr'><strong>tionem,</strong></span> <span class='ocrx_word' id='word_1_147' title='bbox 389 1681 522 1765; x_wconf 88' lang='lat' dir='ltr'><strong>alicujus</strong></span> <span class='ocrx_word' id='word_1_148' title='bbox 532 1683 655 1745; x_wconf 90' lang='lat' dir='ltr'><strong>numeri</strong></span> <span class='ocrx_word' id='word_1_149' title='bbox 675 1683 706 1744; x_wconf 94' lang='lat' dir='ltr'><strong>in</strong></span> <span class='ocrx_word' id='word_1_150' title='bbox 722 1683 828 1766; x_wconf 88' lang='lat' dir='ltr'><strong>aliqua</strong></span> <span class='ocrx_word' id='word_1_151' title='bbox 844 1685 976 1746; x_wconf 87' lang='lat' dir='ltr'><strong>scientia</strong></span> <span class='ocrx_word' id='word_1_152' title='bbox 991 1705 1045 1746; x_wconf 94' lang='lat' dir='ltr'><strong>seu</strong></span> <span class='ocrx_word' id='word_1_153' title='bbox 1060 1682 1215 1754; x_wconf 86' lang='lat' dir='ltr'><strong>facultate,</strong></span> <span class='ocrx_word' id='word_1_154' title='bbox 1227 1682 1262 1744; x_wconf 89' lang='lat' dir='ltr'><strong>in</strong></span> <span class='ocrx_word' id='word_1_155' title='bbox 1278 1682 1397 1746; x_wconf 80' lang='lat' dir='ltr'><strong>ordina·</strong></span> 
     </span>
     <span class='ocr_line' id='line_1_18' title="bbox 29 1743 1397 1858; baseline -0.001 -26"><span class='ocrx_word' id='word_1_156' title='bbox 29 1744 119 1858; x_wconf 47' lang='lat' dir='ltr'><strong>affl</strong></span> <span class='ocrx_word' id='word_1_157' title='bbox 130 1743 209 1794; x_wconf 51' lang='grc' dir='ltr'><strong>Μ’</strong></span> <span class='ocrx_word' id='word_1_158' title='bbox 243 1769 380 1832; x_wconf 86' lang='lat' dir='ltr'><strong>tionibus</strong></span> <span class='ocrx_word' id='word_1_159' title='bbox 396 1783 426 1832; x_wconf 92' lang='lat' dir='ltr'><strong>et</strong></span> <span class='ocrx_word' id='word_1_160' title='bbox 443 1769 570 1832; x_wconf 87' lang='lat' dir='ltr'><strong>statutis</strong></span> <span class='ocrx_word' id='word_1_161' title='bbox 586 1768 663 1831; x_wconf 91' lang='lat' dir='ltr'><strong>dicti</strong></span> <span class='ocrx_word' id='word_1_162' title='bbox 678 1768 819 1855; x_wconf 82' lang='lat' dir='ltr'><strong>Collegit</strong></span> <span class='ocrx_word' id='word_1_163' title='bbox 847 1770 988 1844; x_wconf 89' lang='lat' dir='ltr'><strong>limitati,</strong></span> <span class='ocrx_word' id='word_1_164' title='bbox 1005 1784 1107 1832; x_wconf 89' lang='lat' dir='ltr'><strong>contra</strong></span> <span class='ocrx_word' id='word_1_165' title='bbox 1125 1771 1252 1833; x_wconf 89' lang='lat' dir='ltr'><strong>formam</strong></span> <span class='ocrx_word' id='word_1_166' title='bbox 1268 1778 1300 1829; x_wconf 88' lang='lat' dir='ltr'><strong>et</strong></span> <span class='ocrx_word' id='word_1_167' title='bbox 1315 1768 1397 1832; x_wconf 86' lang='lat' dir='ltr'><strong>ordi·</strong></span> 
     </span>
     <span class='ocr_line' id='line_1_19' title="bbox 245 1853 1438 1940; baseline -0.003 -21"><span class='ocrx_word' id='word_1_168' title='bbox 245 1857 385 1919; x_wconf 89' lang='lat' dir='ltr'><strong>nationes</strong></span> <span class='ocrx_word' id='word_1_169' title='bbox 409 1853 562 1939; x_wconf 88' lang='lat' dir='ltr'><strong>ejusdem,</strong></span> <span class='ocrx_word' id='word_1_170' title='bbox 577 1877 633 1917; x_wconf 90' lang='lat' dir='ltr'><strong>nec</strong></span> <span class='ocrx_word' id='word_1_171' title='bbox 648 1877 686 1917; x_wconf 89' lang='lat' dir='ltr'><strong>ea</strong></span> <span class='ocrx_word' id='word_1_172' title='bbox 703 1856 769 1919; x_wconf 88' lang='lat' dir='ltr'><strong>fieri</strong></span> <span class='ocrx_word' id='word_1_173' title='bbox 785 1857 968 1940; x_wconf 88' lang='lat' dir='ltr'><strong>permittam</strong></span> <span class='ocrx_word' id='word_1_174' title='bbox 984 1858 1155 1919; x_wconf 90' lang='lat' dir='ltr'><strong>secundum</strong></span> <span class='ocrx_word' id='word_1_175' title='bbox 1171 1879 1277 1918; x_wconf 90' lang='lat' dir='ltr'><strong>meum</strong></span> <span class='ocrx_word' id='word_1_176' title='bbox 1297 1876 1397 1940; x_wconf 86' lang='lat' dir='ltr'><strong>posse,</strong></span> <span class='ocrx_word' id='word_1_177' title='bbox 1436 1872 1438 1876; x_wconf 89' lang='grc'><em>·</em></span> 
     </span>
     <span class='ocr_line' id='line_1_20' title="bbox 244 1942 1398 2026; baseline -0.003 -21"><span class='ocrx_word' id='word_1_178' title='bbox 244 1956 299 2005; x_wconf 81' lang='lat' dir='ltr'><strong>aut</strong></span> <span class='ocrx_word' id='word_1_179' title='bbox 320 1942 368 2004; x_wconf 86' lang='lat' dir='ltr'><strong>eis</strong></span> <span class='ocrx_word' id='word_1_180' title='bbox 390 1943 583 2006; x_wconf 87' lang='lat' dir='ltr'><strong>consentiam</strong></span> <span class='ocrx_word' id='word_1_181' title='bbox 606 1942 825 2024; x_wconf 89' lang='lat' dir='ltr'><strong>quovismodo.</strong></span> <span class='ocrx_word' id='word_1_182' title='bbox 872 1943 963 2016; x_wconf 88' lang='lat' dir='ltr'><strong>item,</strong></span> <span class='ocrx_word' id='word_1_183' title='bbox 978 1943 1062 2026; x_wconf 92' lang='lat' dir='ltr'><strong>quod</strong></span> <span class='ocrx_word' id='word_1_184' title='bbox 1083 1965 1143 2006; x_wconf 93' lang='lat' dir='ltr'><strong>non</strong></span> <span class='ocrx_word' id='word_1_185' title='bbox 1165 1965 1217 2004; x_wconf 91' lang='lat' dir='ltr'><strong>ero</strong></span> <span class='ocrx_word' id='word_1_186' title='bbox 1231 1942 1398 2012; x_wconf 88' lang='lat' dir='ltr'><strong>detractor,</strong></span> 
     </span>
     <span class='ocr_line' id='line_1_21' title="bbox 32 2027 1396 2113; baseline -0.004 -21"><span class='ocrx_word' id='word_1_187' title='bbox 32 2042 173 2094; x_wconf 76' lang='lat' dir='ltr'><strong>Dsuaction</strong></span> <span class='ocrx_word' id='word_1_188' title='bbox 183 2041 232 2091; x_wconf 76' lang='lat' dir='ltr'><strong>and</strong></span> <span class='ocrx_word' id='word_1_189' title='bbox 245 2050 383 2106; x_wconf 89' lang='lat' dir='ltr'><strong>susurro,</strong></span> <span class='ocrx_word' id='word_1_190' title='bbox 397 2049 452 2090; x_wconf 88' lang='lat' dir='ltr'><strong>seu</strong></span> <span class='ocrx_word' id='word_1_191' title='bbox 466 2028 585 2090; x_wconf 89' lang='lat' dir='ltr'><strong>faciens</strong></span> <span class='ocrx_word' id='word_1_192' title='bbox 600 2027 760 2113; x_wconf 89' lang='lat' dir='ltr'><strong>obloquia,</strong></span> <span class='ocrx_word' id='word_1_193' title='bbox 777 2041 831 2091; x_wconf 90' lang='lat' dir='ltr'><strong>aut</strong></span> <span class='ocrx_word' id='word_1_194' title='bbox 846 2051 1018 2112; x_wconf 88' lang='lat' dir='ltr'><strong>provocans</strong></span> <span class='ocrx_word' id='word_1_195' title='bbox 1032 2030 1073 2091; x_wconf 90' lang='lat' dir='ltr'><strong>ad</strong></span> <span class='ocrx_word' id='word_1_196' title='bbox 1090 2028 1260 2100; x_wconf 83' lang='lat' dir='ltr'><strong>inuidiam,</strong></span> <span class='ocrx_word' id='word_1_197' title='bbox 1275 2027 1396 2102; x_wconf 89' lang='lat' dir='ltr'><strong>odium,</strong></span> 
     </span>
     <span class='ocr_line' id='line_1_22' title="bbox 32 2105 1397 2200; baseline -0.003 -21"><span class='ocrx_word' id='word_1_198' title='bbox 32 2105 165 2183; x_wconf 68' lang='lat' dir='ltr'><strong>prqroktng</strong></span> <span class='ocrx_word' id='word_1_199' title='bbox 244 2115 334 2187; x_wconf 89' lang='lat' dir='ltr'><strong>iram,</strong></span> <span class='ocrx_word' id='word_1_200' title='bbox 358 2115 470 2185; x_wconf 84' lang='lat' dir='ltr'><strong>rixam,</strong></span> <span class='ocrx_word' id='word_1_201' title='bbox 487 2114 673 2193; x_wconf 88' lang='lat' dir='ltr'><strong>discordias,</strong></span> <span class='ocrx_word' id='word_1_202' title='bbox 688 2114 894 2178; x_wconf 87' lang='lat' dir='ltr'><strong>contumelias</strong></span> <span class='ocrx_word' id='word_1_203' title='bbox 918 2127 972 2178; x_wconf 92' lang='lat' dir='ltr'><strong>aut</strong></span> <span class='ocrx_word' id='word_1_204' title='bbox 990 2114 1107 2200; x_wconf 91' lang='lat' dir='ltr'><strong>jurgia,</strong></span> <span class='ocrx_word' id='word_1_205' title='bbox 1126 2115 1207 2177; x_wconf 91' lang='lat' dir='ltr'><strong>alios</strong></span> <span class='ocrx_word' id='word_1_206' title='bbox 1233 2114 1397 2178; x_wconf 88' lang='lat' dir='ltr'><strong>Sociorum</strong></span> 
     </span>
     <span class='ocr_line' id='line_1_23' title="bbox 31 2171 1399 2286; baseline -0.003 -21"><span class='ocrx_word' id='word_1_207' title='bbox 31 2171 108 2227; x_wconf 54' lang='lat' dir='ltr'>&#39;‘ns“</span> <span class='ocrx_word' id='word_1_208' title='bbox 244 2200 317 2267; x_wconf 90' lang='lat' dir='ltr'><strong>dicti</strong></span> <span class='ocrx_word' id='word_1_209' title='bbox 340 2198 480 2286; x_wconf 78' lang='lat' dir='ltr'><strong>collegii</strong></span> <span class='ocrx_word' id='word_1_210' title='bbox 503 2201 553 2263; x_wconf 87' lang='lat' dir='ltr'><strong>vel</strong></span> <span class='ocrx_word' id='word_1_211' title='bbox 576 2201 714 2264; x_wconf 88' lang='lat' dir='ltr'><strong>aliorum</strong></span> <span class='ocrx_word' id='word_1_212' title='bbox 735 2198 960 2266; x_wconf 81' lang='lat' dir='ltr'><strong>Universitatis</strong></span> <span class='ocrx_word' id='word_1_213' title='bbox 983 2201 1167 2264; x_wconf 84' lang='lat' dir='ltr'><strong>Oxoniensis</strong></span> <span class='ocrx_word' id='word_1_214' title='bbox 1190 2200 1344 2285; x_wconf 76' lang='lat' dir='ltr'><strong>praedicti,</strong></span> <span class='ocrx_word' id='word_1_215' title='bbox 1367 2209 1399 2261; x_wconf 89' lang='lat' dir='ltr'><strong>et</strong></span> 
     </span>
     <span class='ocr_line' id='line_1_24' title="bbox 244 2287 1399 2373; baseline -0.003 -23"><span class='ocrx_word' id='word_1_216' title='bbox 244 2287 416 2373; x_wconf 77' lang='lat' dir='ltr'><strong>prasertim</strong></span> <span class='ocrx_word' id='word_1_217' title='bbox 426 2287 512 2351; x_wconf 91' lang='lat' dir='ltr'><strong>inihi</strong></span> <span class='ocrx_word' id='word_1_218' title='bbox 526 2288 694 2367; x_wconf 88' lang='lat' dir='ltr'><strong>studentes,</strong></span> <span class='ocrx_word' id='word_1_219' title='bbox 703 2289 875 2371; x_wconf 83' lang='lat' dir='ltr'><strong>vulgariter</strong></span> <span class='ocrx_word' id='word_1_220' title='bbox 889 2289 991 2352; x_wconf 91' lang='lat' dir='ltr'><strong>dictos</strong></span> <span class='ocrx_word' id='word_1_221' title='bbox 1005 2287 1177 2366; x_wconf 82' lang='lat' dir='ltr'><strong>Australes,</strong></span> <span class='ocrx_word' id='word_1_222' title='bbox 1188 2287 1399 2373; x_wconf 87' lang='lat' dir='ltr'><strong>Aquilonares</strong></span> 
     </span>
     <span class='ocr_line' id='line_1_25' title="bbox 245 2373 1398 2457; baseline -0.003 -20"><span class='ocrx_word' id='word_1_223' title='bbox 245 2397 301 2438; x_wconf 87' lang='lat' dir='ltr'><strong>seu</strong></span> <span class='ocrx_word' id='word_1_224' title='bbox 317 2374 482 2450; x_wconf 83' lang='lat' dir='ltr'><strong>Boreales3</strong></span> <span class='ocrx_word' id='word_1_225' title='bbox 508 2387 539 2437; x_wconf 93' lang='lat' dir='ltr'><strong>et</strong></span> <span class='ocrx_word' id='word_1_226' title='bbox 561 2375 644 2457; x_wconf 82' lang='lat' dir='ltr'><strong>q&#39;und</strong></span> <span class='ocrx_word' id='word_1_227' title='bbox 668 2375 872 2438; x_wconf 88' lang='lat' dir='ltr'><strong>scientiarum</strong></span> <span class='ocrx_word' id='word_1_228' title='bbox 901 2377 941 2438; x_wconf 92' lang='lat' dir='ltr'><strong>ad</strong></span> <span class='ocrx_word' id='word_1_229' title='bbox 970 2375 1130 2450; x_wconf 90' lang='lat' dir='ltr'><strong>scientias,</strong></span> <span class='ocrx_word' id='word_1_230' title='bbox 1156 2374 1331 2438; x_wconf 89' lang='lat' dir='ltr'><strong>facultatem</strong></span> <span class='ocrx_word' id='word_1_231' title='bbox 1356 2373 1398 2434; x_wconf 89' lang='lat' dir='ltr'><strong>ad</strong></span> 
     </span>
     <span class='ocr_line' id='line_1_26' title="bbox 244 2459 1400 2549; baseline -0.006 -23"><span class='ocrx_word' id='word_1_232' title='bbox 244 2459 418 2540; x_wconf 83' lang='lat' dir='ltr'><strong>facultates,</strong></span> <span class='ocrx_word' id='word_1_233' title='bbox 443 2462 558 2546; x_wconf 87' lang='lat' dir='ltr'><strong>patriae</strong></span> <span class='ocrx_word' id='word_1_234' title='bbox 580 2462 621 2524; x_wconf 91' lang='lat' dir='ltr'><strong>ad</strong></span> <span class='ocrx_word' id='word_1_235' title='bbox 645 2462 792 2544; x_wconf 85' lang='lat' dir='ltr'><strong>patriam,</strong></span> <span class='ocrx_word' id='word_1_236' title='bbox 817 2463 937 2549; x_wconf 85' lang='lat' dir='ltr'><strong>generis</strong></span> <span class='ocrx_word' id='word_1_237' title='bbox 960 2463 1000 2524; x_wconf 90' lang='lat' dir='ltr'><strong>ad</strong></span> <span class='ocrx_word' id='word_1_238' title='bbox 1024 2483 1132 2546; x_wconf 90' lang='lat' dir='ltr'><strong>genus,</strong></span> <span class='ocrx_word' id='word_1_239' title='bbox 1158 2460 1334 2523; x_wconf 89' lang='lat' dir='ltr'><strong>nobilitatis</strong></span> <span class='ocrx_word' id='word_1_240' title='bbox 1359 2459 1400 2520; x_wconf 89' lang='lat' dir='ltr'><strong>ad</strong></span> 
     </span>
     <span class='ocr_line' id='line_1_27' title="bbox 244 2547 1398 2632; baseline -0.004 -22"><span class='ocrx_word' id='word_1_241' title='bbox 244 2547 443 2610; x_wconf 88' lang='lat' dir='ltr'><strong>nobilitatem</strong></span> <span class='ocrx_word' id='word_1_242' title='bbox 474 2559 528 2610; x_wconf 91' lang='lat' dir='ltr'><strong>aut</strong></span> <span class='ocrx_word' id='word_1_243' title='bbox 556 2547 797 2632; x_wconf 86' lang='lat' dir='ltr'><strong>ignobilitatem,</strong></span> <span class='ocrx_word' id='word_1_244' title='bbox 827 2571 881 2610; x_wconf 91' lang='lat' dir='ltr'><strong>seu</strong></span> <span class='ocrx_word' id='word_1_245' title='bbox 909 2547 1004 2609; x_wconf 89' lang='lat' dir='ltr'><strong>aliter</strong></span> <span class='ocrx_word' id='word_1_246' title='bbox 1031 2547 1285 2629; x_wconf 89' lang='lat' dir='ltr'><strong>qualitercunque</strong></span> <span class='ocrx_word' id='word_1_247' title='bbox 1314 2565 1398 2605; x_wconf 92' lang='lat' dir='ltr'><strong>com-</strong></span> 
     </span>
     <span class='ocr_line' id='line_1_28' title="bbox 246 2629 1399 2719; baseline -0.004 -24"><span class='ocrx_word' id='word_1_248' title='bbox 246 2633 422 2719; x_wconf 90' lang='lat' dir='ltr'><strong>parationes</strong></span> <span class='ocrx_word' id='word_1_249' title='bbox 437 2631 567 2713; x_wconf 90' lang='lat' dir='ltr'><strong>aliquas,</strong></span> <span class='ocrx_word' id='word_1_250' title='bbox 584 2633 679 2694; x_wconf 89' lang='lat' dir='ltr'><strong>verbo</strong></span> <span class='ocrx_word' id='word_1_251' title='bbox 693 2631 743 2694; x_wconf 89' lang='lat' dir='ltr'><strong>vel</strong></span> <span class='ocrx_word' id='word_1_252' title='bbox 756 2633 836 2696; x_wconf 92' lang='lat' dir='ltr'><strong>facto</strong></span> <span class='ocrx_word' id='word_1_253' title='bbox 851 2653 912 2693; x_wconf 90' lang='lat' dir='ltr'><strong>non</strong></span> <span class='ocrx_word' id='word_1_254' title='bbox 927 2631 1049 2705; x_wconf 87' lang='lat' dir='ltr'><strong>faciam,</strong></span> <span class='ocrx_word' id='word_1_255' title='bbox 1065 2652 1161 2692; x_wconf 91' lang='lat' dir='ltr'><strong>causa</strong></span> <span class='ocrx_word' id='word_1_256' title='bbox 1181 2629 1399 2693; x_wconf 88' lang='lat' dir='ltr'><strong>commovendi</strong></span> 
     </span>
     <span class='ocr_line' id='line_1_29' title="bbox 247 2713 1397 2788; baseline -0.006 -7"><span class='ocrx_word' id='word_1_257' title='bbox 247 2717 409 2781; x_wconf 87' lang='lat' dir='ltr'><strong>malitiose</strong></span> <span class='ocrx_word' id='word_1_258' title='bbox 434 2716 544 2778; x_wconf 87' lang='lat' dir='ltr'><strong>Socios</strong></span> <span class='ocrx_word' id='word_1_259' title='bbox 568 2716 619 2779; x_wconf 90' lang='lat' dir='ltr'><strong>vel</strong></span> <span class='ocrx_word' id='word_1_260' title='bbox 647 2717 815 2788; x_wconf 89' lang='lat' dir='ltr'><strong>scholares,</strong></span> <span class='ocrx_word' id='word_1_261' title='bbox 840 2717 991 2779; x_wconf 86' lang='lat' dir='ltr'><strong>scientias</strong></span> <span class='ocrx_word' id='word_1_262' title='bbox 1021 2737 1076 2778; x_wconf 90' lang='lat' dir='ltr'><strong>seu</strong></span> <span class='ocrx_word' id='word_1_263' title='bbox 1104 2716 1197 2777; x_wconf 89' lang='lat' dir='ltr'><strong>etiam</strong></span> <span class='ocrx_word' id='word_1_264' title='bbox 1224 2713 1397 2788; x_wconf 85' lang='lat' dir='ltr'><strong>facultates,</strong></span> 
     </span>
     <span class='ocr_line' id='line_1_30' title="bbox 247 2801 1397 2886; baseline -0.006 -17"><span class='ocrx_word' id='word_1_265' title='bbox 247 2802 471 2869; x_wconf 86' lang='lat' dir='ltr'><strong>Universitatis</strong></span> <span class='ocrx_word' id='word_1_266' title='bbox 498 2803 664 2886; x_wconf 72' lang='lat' dir='ltr'><strong>predicta,</strong></span> <span class='ocrx_word' id='word_1_267' title='bbox 680 2803 773 2864; x_wconf 89' lang='lat' dir='ltr'><strong>tacite</strong></span> <span class='ocrx_word' id='word_1_268' title='bbox 799 2803 847 2866; x_wconf 87' lang='lat' dir='ltr'><strong>rel</strong></span> <span class='ocrx_word' id='word_1_269' title='bbox 870 2823 1024 2886; x_wconf 88' lang='lat' dir='ltr'><strong>expresse,</strong></span> <span class='ocrx_word' id='word_1_270' title='bbox 1049 2801 1175 2885; x_wconf 91' lang='lat' dir='ltr'><strong>publice</strong></span> <span class='ocrx_word' id='word_1_271' title='bbox 1198 2802 1245 2863; x_wconf 86' lang='lat' dir='ltr'><strong>vel</strong></span> <span class='ocrx_word' id='word_1_272' title='bbox 1268 2801 1397 2864; x_wconf 90' lang='lat' dir='ltr'><strong>occulte.</strong></span> 
     </span>
    </p>
   </div>
   <div class='ocr_carea' id='block_1_3' title="bbox 36 2886 1399 3146">
    <p class='ocr_par' dir='ltr' id='par_1_3' title="bbox 36 2886 1399 3146">
     <span class='ocr_line' id='line_1_31' title="bbox 36 2886 1399 3023; baseline -0.004 -69"><span class='ocrx_word' id='word_1_273' title='bbox 36 2894 202 3023; x_wconf 45' lang='lat' dir='ltr'><strong>mcxi?</strong></span> <span class='ocrx_word' id='word_1_274' title='bbox 247 2887 428 2971; x_wconf 84' lang='lat' dir='ltr'><strong>Item,quod</strong></span> <span class='ocrx_word' id='word_1_275' title='bbox 441 2886 543 2950; x_wconf 90' lang='lat' dir='ltr'><strong>nullas</strong></span> <span class='ocrx_word' id='word_1_276' title='bbox 558 2887 787 2969; x_wconf 86' lang='lat' dir='ltr'><strong>conventiculas‚</strong></span> <span class='ocrx_word' id='word_1_277' title='bbox 801 2889 1045 2972; x_wconf 87' lang='lat' dir='ltr'><strong>conspirationes,</strong></span> <span class='ocrx_word' id='word_1_278' title='bbox 1057 2888 1332 2950; x_wconf 88' lang='lat' dir='ltr'><strong>confoederationes</strong></span> <span class='ocrx_word' id='word_1_279' title='bbox 1344 2910 1399 2949; x_wconf 87' lang='lat' dir='ltr'><strong>sen</strong></span> 
     </span>
     <span class='ocr_line' id='line_1_32' title="bbox 37 3025 1398 3146; baseline -0.005 -20"><span class='ocrx_word' id='word_1_280' title='bbox 37 3025 156 3090; x_wconf 37' lang='grc' dir='ltr'><strong>ΨΜ</strong></span> <span class='ocrx_word' id='word_1_281' title='bbox 249 3061 457 3127; x_wconf 86' lang='lat' dir='ltr'><strong>ordinationes</strong></span> <span class='ocrx_word' id='word_1_282' title='bbox 481 3070 510 3122; x_wconf 87' lang='lat' dir='ltr'><strong>et</strong></span> <span class='ocrx_word' id='word_1_283' title='bbox 533 3072 648 3123; x_wconf 88' lang='lat' dir='ltr'><strong>statuta</strong></span> <span class='ocrx_word' id='word_1_284' title='bbox 671 3063 744 3125; x_wconf 91' lang='lat' dir='ltr'><strong>dicti</strong></span> <span class='ocrx_word' id='word_1_285' title='bbox 769 3061 917 3146; x_wconf 88' lang='lat' dir='ltr'><strong>Collegii,</strong></span> <span class='ocrx_word' id='word_1_286' title='bbox 940 3059 988 3122; x_wconf 91' lang='lat' dir='ltr'><strong>vel</strong></span> <span class='ocrx_word' id='word_1_287' title='bbox 1010 3072 1120 3124; x_wconf 88' lang='lat' dir='ltr'><strong>contra</strong></span> <span class='ocrx_word' id='word_1_288' title='bbox 1144 3060 1238 3143; x_wconf 82' lang='lat' dir='ltr'><strong>ipsius</strong></span> <span class='ocrx_word' id='word_1_289' title='bbox 1264 3060 1398 3144; x_wconf 85' lang='lat' dir='ltr'><strong>Collegii</strong></span> 
     </span>
    </p>
   </div>
   <div class='ocr_carea' id='block_1_4' title="bbox 40 3145 1400 4525">
    <p class='ocr_par' dir='ltr' id='par_1_4' title="bbox 40 3145 1400 4525">
     <span class='ocr_line' id='line_1_33' title="bbox 248 3145 1399 3228; baseline -0.004 -15"><span class='ocrx_word' id='word_1_290' title='bbox 248 3159 376 3225; x_wconf 85' lang='lat' dir='ltr'><strong>statum,</strong></span> <span class='ocrx_word' id='word_1_291' title='bbox 399 3147 599 3209; x_wconf 88' lang='lat' dir='ltr'><strong>commodum</strong></span> <span class='ocrx_word' id='word_1_292' title='bbox 627 3147 674 3209; x_wconf 92' lang='lat' dir='ltr'><strong>vel</strong></span> <span class='ocrx_word' id='word_1_293' title='bbox 701 3148 859 3226; x_wconf 90' lang='lat' dir='ltr'><strong>honorem,</strong></span> <span class='ocrx_word' id='word_1_294' title='bbox 884 3157 937 3209; x_wconf 89' lang='lat' dir='ltr'><strong>aut</strong></span> <span class='ocrx_word' id='word_1_295' title='bbox 967 3158 1073 3209; x_wconf 91' lang='lat' dir='ltr'><strong>contra</strong></span> <span class='ocrx_word' id='word_1_296' title='bbox 1099 3145 1281 3228; x_wconf 86' lang='lat' dir='ltr'><strong>Custodem,</strong></span> <span class='ocrx_word' id='word_1_297' title='bbox 1306 3146 1399 3208; x_wconf 88' lang='lat' dir='ltr'><strong>Vice-</strong></span> 
     </span>
     <span class='ocr_line' id='line_1_34' title="bbox 250 3231 1397 3320; baseline -0.003 -22"><span class='ocrx_word' id='word_1_298' title='bbox 250 3234 408 3298; x_wconf 91' lang='lat' dir='ltr'><strong>custodem</strong></span> <span class='ocrx_word' id='word_1_299' title='bbox 432 3233 482 3296; x_wconf 86' lang='lat' dir='ltr'><strong>vel</strong></span> <span class='ocrx_word' id='word_1_300' title='bbox 504 3231 636 3317; x_wconf 86' lang='lat' dir='ltr'><strong>aliquem</strong></span> <span class='ocrx_word' id='word_1_301' title='bbox 662 3232 788 3298; x_wconf 82' lang='lat' dir='ltr'><strong>Socinm</strong></span> <span class='ocrx_word' id='word_1_302' title='bbox 814 3232 956 3317; x_wconf 86' lang='lat' dir='ltr'><strong>ejusdem</strong></span> <span class='ocrx_word' id='word_1_303' title='bbox 984 3232 1131 3320; x_wconf 89' lang='lat' dir='ltr'><strong>Collegii,</strong></span> <span class='ocrx_word' id='word_1_304' title='bbox 1144 3233 1250 3296; x_wconf 89' lang='lat' dir='ltr'><strong>illicite</strong></span> <span class='ocrx_word' id='word_1_305' title='bbox 1275 3234 1397 3312; x_wconf 88' lang='lat' dir='ltr'><strong>t&#39;aciam,</strong></span> 
     </span>
     <span class='ocr_line' id='line_1_35' title="bbox 251 3319 1400 3405; baseline -0.003 -20"><span class='ocrx_word' id='word_1_306' title='bbox 251 3320 300 3385; x_wconf 85' lang='lat' dir='ltr'><strong>vel</strong></span> <span class='ocrx_word' id='word_1_307' title='bbox 315 3320 383 3403; x_wconf 88' lang='lat' dir='ltr'><strong>ipsa</strong></span> <span class='ocrx_word' id='word_1_308' title='bbox 399 3319 462 3382; x_wconf 91' lang='lat' dir='ltr'><strong>lieri</strong></span> <span class='ocrx_word' id='word_1_309' title='bbox 477 3319 659 3403; x_wconf 90' lang='lat' dir='ltr'><strong>procurabo,</strong></span> <span class='ocrx_word' id='word_1_310' title='bbox 684 3343 737 3383; x_wconf 91' lang='lat' dir='ltr'><strong>seu</strong></span> <span class='ocrx_word' id='word_1_311' title='bbox 761 3321 939 3405; x_wconf 86' lang='lat' dir='ltr'><strong>permittam</strong></span> <span class='ocrx_word' id='word_1_312' title='bbox 964 3321 1005 3383; x_wconf 89' lang='lat' dir='ltr'><strong>ab</strong></span> <span class='ocrx_word' id='word_1_313' title='bbox 1021 3320 1091 3382; x_wconf 89' lang='lat' dir='ltr'><strong>aliis</strong></span> <span class='ocrx_word' id='word_1_314' title='bbox 1109 3320 1186 3400; x_wconf 90' lang='lat' dir='ltr'><strong>fieri,</strong></span> <span class='ocrx_word' id='word_1_315' title='bbox 1201 3332 1350 3403; x_wconf 89' lang='lat' dir='ltr'><strong>quatenus</strong></span> <span class='ocrx_word' id='word_1_316' title='bbox 1366 3319 1400 3381; x_wconf 91' lang='lat' dir='ltr'><strong>in</strong></span> 
     </span>
     <span class='ocr_line' id='line_1_36' title="bbox 251 3405 1399 3491; baseline -0.003 -20"><span class='ocrx_word' id='word_1_317' title='bbox 251 3429 303 3471; x_wconf 88' lang='lat' dir='ltr'><strong>me</strong></span> <span class='ocrx_word' id='word_1_318' title='bbox 317 3406 418 3485; x_wconf 91' lang='lat' dir='ltr'><strong>fuerit,</strong></span> <span class='ocrx_word' id='word_1_319' title='bbox 432 3407 643 3489; x_wconf 90' lang='lat' dir='ltr'><strong>quovismodo,</strong></span> <span class='ocrx_word' id='word_1_320' title='bbox 652 3405 682 3469; x_wconf 93' lang='lat' dir='ltr'><strong>in</strong></span> <span class='ocrx_word' id='word_1_321' title='bbox 698 3408 857 3486; x_wconf 82' lang='lat' dir='ltr'><strong>futurum3</strong></span> <span class='ocrx_word' id='word_1_322' title='bbox 882 3427 938 3468; x_wconf 91' lang='lat' dir='ltr'><strong>nec</strong></span> <span class='ocrx_word' id='word_1_323' title='bbox 954 3407 1133 3469; x_wconf 89' lang='lat' dir='ltr'><strong>facientibus</strong></span> <span class='ocrx_word' id='word_1_324' title='bbox 1150 3407 1218 3491; x_wconf 90' lang='lat' dir='ltr'><strong>ipsa</strong></span> <span class='ocrx_word' id='word_1_325' title='bbox 1227 3406 1275 3469; x_wconf 87' lang='lat' dir='ltr'><strong>rel</strong></span> <span class='ocrx_word' id='word_1_326' title='bbox 1290 3428 1399 3468; x_wconf 91' lang='lat' dir='ltr'><strong>eorum</strong></span> 
     </span>
     <span class='ocr_line' id='line_1_37' title="bbox 251 3492 1398 3578; baseline -0.004 -22"><span class='ocrx_word' id='word_1_327' title='bbox 251 3493 380 3578; x_wconf 90' lang='lat' dir='ltr'><strong>aliquod</strong></span> <span class='ocrx_word' id='word_1_328' title='bbox 407 3493 561 3577; x_wconf 74' lang='lat' dir='ltr'><strong>praestabo</strong></span> <span class='ocrx_word' id='word_1_329' title='bbox 589 3514 644 3556; x_wconf 90' lang='lat' dir='ltr'><strong>seu</strong></span> <span class='ocrx_word' id='word_1_330' title='bbox 674 3493 756 3555; x_wconf 93' lang='lat' dir='ltr'><strong>dabo</strong></span> <span class='ocrx_word' id='word_1_331' title='bbox 789 3492 961 3573; x_wconf 81' lang='lat' dir='ltr'><strong>consilinm,</strong></span> <span class='ocrx_word' id='word_1_332' title='bbox 990 3493 1142 3556; x_wconf 86' lang='lat' dir='ltr'><strong>auxilium</strong></span> <span class='ocrx_word' id='word_1_333' title='bbox 1174 3493 1223 3556; x_wconf 91' lang='lat' dir='ltr'><strong>vel</strong></span> <span class='ocrx_word' id='word_1_334' title='bbox 1252 3495 1398 3555; x_wconf 89' lang='lat' dir='ltr'><strong>favorem.</strong></span> 
     </span>
     <span class='ocr_line' id='line_1_38' title="bbox 41 3577 1400 3663; baseline -0.001 -21"><span class='ocrx_word' id='word_1_335' title='bbox 41 3591 170 3655; x_wconf 70' lang='lat' dir='ltr'><strong>nitigence</strong></span> <span class='ocrx_word' id='word_1_336' title='bbox 182 3590 207 3638; x_wconf 81' lang='lat' dir='ltr'><strong>in</strong></span> <span class='ocrx_word' id='word_1_337' title='bbox 253 3578 346 3649; x_wconf 90' lang='lat' dir='ltr'><strong>Item,</strong></span> <span class='ocrx_word' id='word_1_338' title='bbox 364 3578 463 3641; x_wconf 87' lang='lat' dir='ltr'><strong>fidelis</strong></span> <span class='ocrx_word' id='word_1_339' title='bbox 484 3601 538 3641; x_wconf 87' lang='lat' dir='ltr'><strong>ero</strong></span> <span class='ocrx_word' id='word_1_340' title='bbox 558 3600 594 3641; x_wconf 91' lang='lat' dir='ltr'><strong>ac</strong></span> <span class='ocrx_word' id='word_1_341' title='bbox 609 3579 704 3641; x_wconf 91' lang='lat' dir='ltr'><strong>etiam</strong></span> <span class='ocrx_word' id='word_1_342' title='bbox 729 3578 862 3663; x_wconf 84' lang='lat' dir='ltr'><strong>diligens</strong></span> <span class='ocrx_word' id='word_1_343' title='bbox 881 3579 912 3640; x_wconf 91' lang='lat' dir='ltr'><strong>in</strong></span> <span class='ocrx_word' id='word_1_344' title='bbox 932 3601 1119 3663; x_wconf 89' lang='lat' dir='ltr'><strong>quocunque</strong></span> <span class='ocrx_word' id='word_1_345' title='bbox 1138 3581 1239 3643; x_wconf 89' lang='lat' dir='ltr'><strong>officio</strong></span> <span class='ocrx_word' id='word_1_346' title='bbox 1256 3581 1298 3642; x_wconf 89' lang='lat' dir='ltr'><strong>ad</strong></span> <span class='ocrx_word' id='word_1_347' title='bbox 1315 3577 1400 3661; x_wconf 90' lang='lat' dir='ltr'><strong>quod</strong></span> 
     </span>
     <span class='ocr_line' id='line_1_39' title="bbox 40 3657 1398 3750; baseline -0.005 -20"><span class='ocrx_word' id='word_1_348' title='bbox 40 3657 117 3708; x_wconf 54' lang='grc' dir='ltr'><strong>Μ·</strong></span> <span class='ocrx_word' id='word_1_349' title='bbox 253 3687 303 3730; x_wconf 88' lang='lat' dir='ltr'><strong>ms</strong></span> <span class='ocrx_word' id='word_1_350' title='bbox 323 3667 355 3729; x_wconf 90' lang='lat' dir='ltr'><strong>in</strong></span> <span class='ocrx_word' id='word_1_351' title='bbox 374 3663 484 3729; x_wconf 91' lang='lat' dir='ltr'><strong>eodem</strong></span> <span class='ocrx_word' id='word_1_352' title='bbox 509 3663 652 3749; x_wconf 80' lang='lat' dir='ltr'><strong>Collegio</strong></span> <span class='ocrx_word' id='word_1_353' title='bbox 678 3666 822 3750; x_wconf 90' lang='lat' dir='ltr'><strong>deputari</strong></span> <span class='ocrx_word' id='word_1_354' title='bbox 845 3665 1008 3750; x_wconf 90' lang='lat' dir='ltr'><strong>contigerit</strong></span> <span class='ocrx_word' id='word_1_355' title='bbox 1033 3677 1064 3727; x_wconf 89' lang='lat' dir='ltr'><strong>et</strong></span> <span class='ocrx_word' id='word_1_356' title='bbox 1086 3667 1222 3742; x_wconf 83' lang='lat' dir='ltr'><strong>assunri3</strong></span> <span class='ocrx_word' id='word_1_357' title='bbox 1252 3665 1398 3744; x_wconf 92' lang='lat' dir='ltr'><strong>illudque,</strong></span> 
     </span>
     <span class='ocr_line' id='line_1_40' title="bbox 252 3749 1398 3834; baseline -0.006 -19"><span class='ocrx_word' id='word_1_358' title='bbox 252 3773 325 3816; x_wconf 92' lang='lat' dir='ltr'><strong>curn</strong></span> <span class='ocrx_word' id='word_1_359' title='bbox 341 3752 505 3834; x_wconf 91' lang='lat' dir='ltr'><strong>deputatus</strong></span> <span class='ocrx_word' id='word_1_360' title='bbox 528 3751 624 3825; x_wconf 89' lang='lat' dir='ltr'><strong>fuero,</strong></span> <span class='ocrx_word' id='word_1_361' title='bbox 639 3751 817 3833; x_wconf 84' lang='lat' dir='ltr'><strong>admittam,</strong></span> <span class='ocrx_word' id='word_1_362' title='bbox 833 3762 864 3814; x_wconf 91' lang='lat' dir='ltr'><strong>et</strong></span> <span class='ocrx_word' id='word_1_363' title='bbox 878 3773 936 3834; x_wconf 91' lang='lat' dir='ltr'><strong>pro</strong></span> <span class='ocrx_word' id='word_1_364' title='bbox 954 3773 1044 3834; x_wconf 87' lang='lat' dir='ltr'><strong>posse</strong></span> <span class='ocrx_word' id='word_1_365' title='bbox 1067 3773 1138 3814; x_wconf 91' lang='lat' dir='ltr'><strong>meo</strong></span> <span class='ocrx_word' id='word_1_366' title='bbox 1155 3752 1283 3814; x_wconf 87' lang='lat' dir='ltr'><strong>fideliter</strong></span> <span class='ocrx_word' id='word_1_367' title='bbox 1297 3749 1398 3810; x_wconf 89' lang='lat' dir='ltr'><strong>adim·</strong></span> 
     </span>
     <span class='ocr_line' id='line_1_41' title="bbox 40 3835 1399 3921; baseline -0.003 -21"><span class='ocrx_word' id='word_1_368' title='bbox 40 3858 179 3910; x_wconf 68' lang='lat' dir='ltr'><strong>nunt-ton</strong></span> <span class='ocrx_word' id='word_1_369' title='bbox 190 3856 219 3907; x_wconf 61' lang='grc' dir='ltr'><strong>οι</strong></span> <span class='ocrx_word' id='word_1_370' title='bbox 277 3837 360 3900; x_wconf 87' lang='lat' dir='ltr'><strong>lehc.</strong></span> <span class='ocrx_word' id='word_1_371' title='bbox 399 3835 491 3915; x_wconf 87' lang='lat' dir='ltr'><strong>item,</strong></span> <span class='ocrx_word' id='word_1_372' title='bbox 504 3835 589 3919; x_wconf 89' lang='lat' dir='ltr'><strong>quod</strong></span> <span class='ocrx_word' id='word_1_373' title='bbox 604 3839 843 3921; x_wconf 89' lang='lat' dir='ltr'><strong>consanguineos</strong></span> <span class='ocrx_word' id='word_1_374' title='bbox 859 3837 936 3898; x_wconf 90' lang='lat' dir='ltr'><strong>dicti</strong></span> <span class='ocrx_word' id='word_1_375' title='bbox 948 3837 1133 3899; x_wconf 84' lang='lat' dir='ltr'><strong>Fundatoris</strong></span> <span class='ocrx_word' id='word_1_376' title='bbox 1145 3839 1174 3898; x_wconf 92' lang='lat' dir='ltr'><strong>in</strong></span> <span class='ocrx_word' id='word_1_377' title='bbox 1193 3859 1279 3898; x_wconf 89' lang='lat' dir='ltr'><strong>veros</strong></span> <span class='ocrx_word' id='word_1_378' title='bbox 1294 3836 1399 3898; x_wconf 91' lang='lat' dir='ltr'><strong>Socios</strong></span> 
     </span>
     <span class='ocr_line' id='line_1_42' title="bbox 41 3920 1400 4006; baseline -0.003 -21"><span class='ocrx_word' id='word_1_379' title='bbox 41 3920 229 3975; x_wconf 64' lang='lat' dir='ltr'><strong>meler&#39;ssin</strong></span> <span class='ocrx_word' id='word_1_380' title='bbox 302 3923 400 4006; x_wconf 84' lang='lat' dir='ltr'><strong>liegii,</strong></span> <span class='ocrx_word' id='word_1_381' title='bbox 418 3920 511 4004; x_wconf 83' lang='lat' dir='ltr'><strong>juxta</strong></span> <span class='ocrx_word' id='word_1_382' title='bbox 527 3923 657 3984; x_wconf 91' lang='lat' dir='ltr'><strong>formam</strong></span> <span class='ocrx_word' id='word_1_383' title='bbox 675 3924 868 3987; x_wconf 89' lang='lat' dir='ltr'><strong>ordinationis</strong></span> <span class='ocrx_word' id='word_1_384' title='bbox 889 3937 919 3984; x_wconf 93' lang='lat' dir='ltr'><strong>et</strong></span> <span class='ocrx_word' id='word_1_385' title='bbox 939 3925 1047 3985; x_wconf 90' lang='lat' dir='ltr'><strong>statuti</strong></span> <span class='ocrx_word' id='word_1_386' title='bbox 1071 3923 1144 3985; x_wconf 89' lang='lat' dir='ltr'><strong>editi</strong></span> <span class='ocrx_word' id='word_1_387' title='bbox 1168 3922 1319 4006; x_wconf 88' lang='lat' dir='ltr'><strong>superius,</strong></span> <span class='ocrx_word' id='word_1_388' title='bbox 1335 3921 1400 3982; x_wconf 87' lang='lat' dir='ltr'><strong>sine</strong></span> 
     </span>
     <span class='ocr_line' id='line_1_43' title="bbox 41 3987 1397 4102; baseline -0.003 -30"><span class='ocrx_word' id='word_1_389' title='bbox 41 3987 216 4102; x_wconf 44' lang='lat' dir='ltr'><strong>mimia,</strong></span> <span class='ocrx_word' id='word_1_390' title='bbox 254 4009 435 4072; x_wconf 90' lang='lat' dir='ltr'><strong>difficultate</strong></span> <span class='ocrx_word' id='word_1_391' title='bbox 447 4029 630 4091; x_wconf 90' lang='lat' dir='ltr'><strong>quacunque</strong></span> <span class='ocrx_word' id='word_1_392' title='bbox 640 4010 815 4087; x_wconf 90' lang='lat' dir='ltr'><strong>admittam,</strong></span> <span class='ocrx_word' id='word_1_393' title='bbox 826 4018 855 4070; x_wconf 92' lang='lat' dir='ltr'><strong>et</strong></span> <span class='ocrx_word' id='word_1_394' title='bbox 869 4010 1041 4092; x_wconf 87' lang='lat' dir='ltr'><strong>procurabo</strong></span> <span class='ocrx_word' id='word_1_395' title='bbox 1057 4009 1178 4070; x_wconf 89' lang='lat' dir='ltr'><strong>admitti</strong></span> <span class='ocrx_word' id='word_1_396' title='bbox 1191 4011 1282 4092; x_wconf 87' lang='lat' dir='ltr'><strong>juxta</strong></span> <span class='ocrx_word' id='word_1_397' title='bbox 1294 4027 1397 4090; x_wconf 84' lang='lat' dir='ltr'><strong>posse3</strong></span> 
     </span>
     <span class='ocr_line' id='line_1_44' title="bbox 42 4093 1399 4180; baseline -0.01 -12"><span class='ocrx_word' id='word_1_398' title='bbox 42 4115 198 4168; x_wconf 71' lang='lat' dir='ltr'><strong>unctum.</strong></span> <span class='ocrx_word' id='word_1_399' title='bbox 253 4107 284 4160; x_wconf 91' lang='lat' dir='ltr'><strong>et</strong></span> <span class='ocrx_word' id='word_1_400' title='bbox 297 4094 382 4179; x_wconf 94' lang='lat' dir='ltr'><strong>quod</strong></span> <span class='ocrx_word' id='word_1_401' title='bbox 398 4094 437 4156; x_wconf 91' lang='lat' dir='ltr'><strong>de</strong></span> <span class='ocrx_word' id='word_1_402' title='bbox 460 4094 651 4157; x_wconf 90' lang='lat' dir='ltr'><strong>scholaribus</strong></span> <span class='ocrx_word' id='word_1_403' title='bbox 674 4096 706 4157; x_wconf 92' lang='lat' dir='ltr'><strong>in</strong></span> <span class='ocrx_word' id='word_1_404' title='bbox 729 4095 848 4157; x_wconf 91' lang='lat' dir='ltr'><strong>dictum</strong></span> <span class='ocrx_word' id='word_1_405' title='bbox 865 4093 1038 4180; x_wconf 86' lang='lat' dir='ltr'><strong>Collegium</strong></span> <span class='ocrx_word' id='word_1_406' title='bbox 1063 4093 1212 4179; x_wconf 88' lang='lat' dir='ltr'><strong>eligendis</strong></span> <span class='ocrx_word' id='word_1_407' title='bbox 1229 4094 1269 4155; x_wconf 94' lang='lat' dir='ltr'><strong>ad</strong></span> <span class='ocrx_word' id='word_1_408' title='bbox 1286 4115 1399 4155; x_wconf 91' lang='lat' dir='ltr'><strong>annum</strong></span> 
     </span>
     <span class='ocr_line' id='line_1_45' title="bbox 253 4179 1399 4268; baseline -0.003 -25"><span class='ocrx_word' id='word_1_409' title='bbox 253 4181 451 4268; x_wconf 89' lang='lat' dir='ltr'><strong>probationis,</strong></span> <span class='ocrx_word' id='word_1_410' title='bbox 464 4201 582 4244; x_wconf 88' lang='lat' dir='ltr'><strong>necnon</strong></span> <span class='ocrx_word' id='word_1_411' title='bbox 607 4181 646 4242; x_wconf 91' lang='lat' dir='ltr'><strong>de</strong></span> <span class='ocrx_word' id='word_1_412' title='bbox 663 4180 862 4242; x_wconf 88' lang='lat' dir='ltr'><strong>admittendis</strong></span> <span class='ocrx_word' id='word_1_413' title='bbox 882 4188 914 4243; x_wconf 90' lang='lat' dir='ltr'><strong>et</strong></span> <span class='ocrx_word' id='word_1_414' title='bbox 936 4181 1129 4242; x_wconf 87' lang='lat' dir='ltr'><strong>assumendis</strong></span> <span class='ocrx_word' id='word_1_415' title='bbox 1145 4184 1174 4242; x_wconf 92' lang='lat' dir='ltr'><strong>in</strong></span> <span class='ocrx_word' id='word_1_416' title='bbox 1188 4202 1277 4243; x_wconf 88' lang='lat' dir='ltr'><strong>veros</strong></span> <span class='ocrx_word' id='word_1_417' title='bbox 1294 4179 1399 4242; x_wconf 88' lang='lat' dir='ltr'><strong>Socios</strong></span> 
     </span>
     <span class='ocr_line' id='line_1_46' title="bbox 255 4265 1400 4353; baseline -0.001 -23"><span class='ocrx_word' id='word_1_418' title='bbox 255 4268 392 4353; x_wconf 88' lang='lat' dir='ltr'><strong>ejusdem</strong></span> <span class='ocrx_word' id='word_1_419' title='bbox 408 4265 550 4349; x_wconf 83' lang='lat' dir='ltr'><strong>Collegii,</strong></span> <span class='ocrx_word' id='word_1_420' title='bbox 566 4265 655 4329; x_wconf 88' lang='lat' dir='ltr'><strong>fidele</strong></span> <span class='ocrx_word' id='word_1_421' title='bbox 670 4266 844 4339; x_wconf 89' lang='lat' dir='ltr'><strong>consilium,</strong></span> <span class='ocrx_word' id='word_1_422' title='bbox 860 4267 944 4328; x_wconf 90' lang='lat' dir='ltr'><strong>omni</strong></span> <span class='ocrx_word' id='word_1_423' title='bbox 960 4268 1062 4328; x_wconf 88' lang='lat' dir='ltr'><strong>farore</strong></span> <span class='ocrx_word' id='word_1_424' title='bbox 1076 4268 1251 4351; x_wconf 84' lang='lat' dir='ltr'><strong>postposite,</strong></span> <span class='ocrx_word' id='word_1_425' title='bbox 1266 4267 1400 4329; x_wconf 78' lang='lat' dir='ltr'><strong>tribuam</strong></span> 
     </span>
     <span class='ocr_line' id='line_1_47' title="bbox 254 4352 1400 4436; baseline -0.002 -20"><span class='ocrx_word' id='word_1_426' title='bbox 254 4369 286 4418; x_wconf 83' lang='lat' dir='ltr'><strong>et</strong></span> <span class='ocrx_word' id='word_1_427' title='bbox 310 4352 513 4436; x_wconf 84' lang='lat' dir='ltr'><strong>impendam3</strong></span> <span class='ocrx_word' id='word_1_428' title='bbox 539 4364 573 4414; x_wconf 91' lang='lat' dir='ltr'><strong>ut</strong></span> <span class='ocrx_word' id='word_1_429' title='bbox 601 4353 640 4414; x_wconf 93' lang='lat' dir='ltr'><strong>de</strong></span> <span class='ocrx_word' id='word_1_430' title='bbox 664 4353 750 4415; x_wconf 92' lang='lat' dir='ltr'><strong>honis</strong></span> <span class='ocrx_word' id='word_1_431' title='bbox 776 4352 924 4435; x_wconf 88' lang='lat' dir='ltr'><strong>personis,</strong></span> <span class='ocrx_word' id='word_1_432' title='bbox 946 4352 1050 4430; x_wconf 91' lang='lat' dir='ltr'><strong>castis,</strong></span> <span class='ocrx_word' id='word_1_433' title='bbox 1078 4356 1228 4433; x_wconf 89' lang='lat' dir='ltr'><strong>modestis,</strong></span> <span class='ocrx_word' id='word_1_434' title='bbox 1252 4353 1400 4427; x_wconf 89' lang='lat' dir='ltr'><strong>honestis,</strong></span> 
     </span>
     <span class='ocr_line' id='line_1_48' title="bbox 256 4438 1400 4525; baseline -0.003 -22"><span class='ocrx_word' id='word_1_435' title='bbox 256 4439 347 4525; x_wconf 89' lang='lat' dir='ltr'><strong>aptis,</strong></span> <span class='ocrx_word' id='word_1_436' title='bbox 372 4451 402 4502; x_wconf 92' lang='lat' dir='ltr'><strong>et</strong></span> <span class='ocrx_word' id='word_1_437' title='bbox 425 4438 467 4501; x_wconf 92' lang='lat' dir='ltr'><strong>ad</strong></span> <span class='ocrx_word' id='word_1_438' title='bbox 493 4438 682 4502; x_wconf 86' lang='lat' dir='ltr'><strong>studendum</strong></span> <span class='ocrx_word' id='word_1_439' title='bbox 711 4452 741 4501; x_wconf 91' lang='lat' dir='ltr'><strong>et</strong></span> <span class='ocrx_word' id='word_1_440' title='bbox 766 4439 989 4523; x_wconf 91' lang='lat' dir='ltr'><strong>proficiendum</strong></span> <span class='ocrx_word' id='word_1_441' title='bbox 1013 4438 1041 4501; x_wconf 92' lang='lat' dir='ltr'><strong>in</strong></span> <span class='ocrx_word' id='word_1_442' title='bbox 1067 4441 1185 4504; x_wconf 91' lang='lat' dir='ltr'><strong>actibus</strong></span> <span class='ocrx_word' id='word_1_443' title='bbox 1208 4439 1400 4503; x_wconf 80' lang='lat' dir='ltr'><strong>scholasticis</strong></span> 
     </span>
    </p>
   </div>
   <div class='ocr_carea' id='block_1_5' title="bbox 0 0 1524 4898">
    <p class='ocr_par' dir='ltr' id='par_1_5' title="bbox 0 0 1524 4898">
     <span class='ocr_line' id='line_1_49' title="bbox 0 0 1524 4898; baseline 0 0"><span class='ocrx_word' id='word_1_444' title='bbox 0 0 1524 4898; x_wconf 95' lang='lat' dir='ltr'><strong> </strong></span> 
     </span>
    </p>
   </div>
   <div class='ocr_carea' id='block_1_6' title="bbox 247 2972 1500 3062">
    <p class='ocr_par' dir='ltr' id='par_1_6' title="bbox 247 2972 1500 3062">
     <span class='ocr_line' id='line_1_50' title="bbox 247 2972 1500 3062; baseline -0.001 -26"><span class='ocrx_word' id='word_1_445' title='bbox 247 2975 404 3062; x_wconf 87' lang='lat' dir='ltr'><strong>pactiones</strong></span> <span class='ocrx_word' id='word_1_446' title='bbox 419 2974 549 3057; x_wconf 86' lang='lat' dir='ltr'><strong>aliquas,</strong></span> <span class='ocrx_word' id='word_1_447' title='bbox 564 2975 746 3060; x_wconf 92' lang='lat' dir='ltr'><strong>ubicunque,</strong></span> <span class='ocrx_word' id='word_1_448' title='bbox 757 2976 838 3038; x_wconf 91' lang='lat' dir='ltr'><strong>infra</strong></span> <span class='ocrx_word' id='word_1_449' title='bbox 849 2996 978 3060; x_wconf 90' lang='lat' dir='ltr'><strong>regnum</strong></span> <span class='ocrx_word' id='word_1_450' title='bbox 987 2972 1110 3059; x_wconf 84' lang='lat' dir='ltr'><strong>Angliae</strong></span> <span class='ocrx_word' id='word_1_451' title='bbox 1126 2975 1173 3037; x_wconf 93' lang='lat' dir='ltr'><strong>vel</strong></span> <span class='ocrx_word' id='word_1_452' title='bbox 1187 2987 1282 3051; x_wconf 89' lang='lat' dir='ltr'><strong>extra,</strong></span> <span class='ocrx_word' id='word_1_453' title='bbox 1293 2984 1398 3035; x_wconf 90' lang='lat' dir='ltr'><strong>contra</strong></span> <span class='ocrx_word' id='word_1_454' title='bbox 1497 3003 1500 3009; x_wconf 91' lang='grc'><em>·</em></span> 
     </span>
    </p>
   </div>
  </div>
 </body>
</html>
