3014 4898
479 247 723 330 Irpunctioosof
742 248 877 310 Visr'tors.
1223 243 1261 308 91

115 413 269 478 Visitator
283 427 312 479 et
327 429 513 479 statutorum
537 416 699 499 interpres,
716 416 842 478 dilectis
858 415 950 478 nobis
976 415 1010 477 in
1034 415 1164 479 Christo
1179 416 1263 478 Cus-

114 501 192 580 todi,
217 501 429 582 Vicecust0di‚
459 503 606 576 Decanis,
631 502 802 581 Bursariis,
829 525 866 564 ac
891 501 1047 564 universis
1066 514 1102 565 et
1130 500 1265 583 singulis

117 584 222 649 Sociis
237 600 266 649 et
284 589 480 653 scholaribus
491 586 631 673 Collegii
641 587 804 667 antedicti,
819 588 961 657 salutem,
970 589 1108 672 gratiam
1123 600 1153 650 et
1168 589 1265 649 bene-

114 671 294 737 dictionem.
341 673 437 754 Cum,
466 675 547 736 inter
575 673 784 757 particularia
813 673 891 738 dicti
914 672 1052 758 Collegii
1076 685 1106 734 et
1133 673 1266 757 publica

115 755 339 822 Universitatis
370 758 564 824 Oxoniensis
599 773 726 831 statuta,
757 781 817 822 non
848 758 894 820 ita
922 759 1048 843 pridem
1078 759 1264 822 auctoritate

115 845 291 907 sufficiente
316 846 400 908 edita
424 857 454 909 et
467 843 678 930 promulgata,
704 868 740 906 ac
759 867 817 927 per
832 857 928 907 totam
956 844 1199 909 Universitatem
1216 868 1265 908 re·

115 946 208 1013 cepta
223 942 254 992 et
280 932 464 1014 approbata,
488 930 574 992 circa
597 929 832 993 exercitationes
851 930 1057 994 scholasticas
1081 953 1191 993 eorum
1207 931 1264 1015 qui

115 1037 154 1076 ex
169 1015 252 1077 dicto
267 1016 414 1102 Collegio
429 1016 461 1078 in
481 1014 555 1097 jure
570 1015 657 1077 civili
673 1030 744 1078 sunt
771 1016 937 1100 incepturi,
954 1028 985 1078 et
1011 1017 1053 1078 ad
1073 1016 1264 1080 Doctoratus

114 1101 248 1180 gradum
263 1101 462 1174 admittendi,
480 1102 623 1185 quaedam
637 1102 780 1164 videatur
802 1125 870 1165 esse
885 1101 1061 1181 diversitas,
1078 1125 1134 1165 seu
1150 1104 1265 1166 saltem

114 1186 310 1272 ambiguitas
326 1188 366 1250 sit
380 1202 454 1257 orta,
472 1211 511 1248 an
526 1184 708 1268 hujusmodi
725 1187 966 1251 exercitationes
981 1186 1116 1272 implere
1132 1189 1266 1252 debeant

111 1268 201 1352 juxta
215 1273 437 1357 praescriptum
461 1273 704 1357 particularium
724 1271 877 1359 collegii,
893 1274 940 1335 vel
963 1274 1166 1357 publicorum
1183 1273 1264 1338 Uni·

114 1357 280 1438 versitatis,
307 1371 509 1437 statutorum,
529 1358 579 1421 vel
600 1381 708 1422 eorum
729 1359 893 1442 utriusque
903 1384 913 1438 3
937 1362 977 1420 ad
999 1382 1073 1422 eum
1091 1362 1265 1443 praesertim

114 1443 211 1505 finem
229 1457 259 1506 et
273 1446 420 1507 effectum
434 1457 469 1507 ut
491 1446 531 1505 ad
546 1444 736 1507 Doctoratus
756 1445 890 1526 gradum
905 1446 1108 1527 promovendi
1122 1446 1265 1530 publicis

116 1527 301 1593 Academiae
316 1533 449 1609 statutis,
465 1529 500 1591 in
523 1529 591 1593 suis
606 1530 768 1592 exercitiis
789 1530 1019 1601 satisfaciendo,
1034 1531 1265 1596 immunitatem

116 1636 136 1676 a
163 1615 262 1678 sacris
284 1615 536 1678 ordinationibus
552 1627 583 1677 et
606 1616 778 1678 ministerio
802 1615 1015 1679 ecclesiastico
1037 1618 1186 1700 consequi
1211 1619 1267 1681 de-

116 1701 221 1779 beant,
238 1701 364 1763 etiamsi
378 1705 509 1765 formam
534 1701 773 1785 particularium
799 1712 984 1764 statutorum
1008 1725 1063 1785 per
1076 1704 1182 1764 omnia
1203 1726 1266 1766 non

115 1785 338 1869 impleverint:
363 1809 419 1851 nos
432 1787 540 1870 igitur,
554 1799 619 1850 tam
634 1786 767 1871 privatis
780 1787 918 1873 Collegii
932 1811 1028 1871 quam
1043 1786 1109 1851 illis
1125 1789 1266 1871 publicis

116 1871 298 1935 Academiae
322 1874 451 1936 statutis
475 1873 641 1957 perpensis
658 1883 687 1934 et
712 1872 925 1953 consideratis,
941 1873 1144 1958 praesentium
1159 1888 1265 1938 tenore

115 1957 284 2022 statuimus
299 1971 330 2020 et
351 1960 548 2031 ordinamus,
566 1959 650 2042 quod
675 1958 763 2021 Socii
778 1959 958 2043 quicunque
972 1959 1050 2022 dicti
1065 1958 1214 2046 Collegii,
1230 1960 1265 2024 in

115 2056 278 2126 posterum
294 2045 328 2106 in
339 2043 412 2127 jure.
428 2044 518 2109 civili
534 2045 697 2128 incepturi,
712 2045 951 2108 exercitationes
965 2068 1024 2129 per
1038 2046 1166 2129 publica
1181 2045 1265 2110 Uni·

116 2129 273 2192 versitatis
289 2144 405 2194 statuta
420 2130 621 2214 praescriptas
636 2131 808 2213 implendo,
823 2155 842 2193 a
857 2135 1039 2194 necessitate
1055 2132 1265 2195 ecclesiastici

116 2215 285 2277 ministerii
311 2216 509 2299 suscipiendi
532 2217 575 2277 ita
589 2230 679 2277 erunt
703 2217 858 2277 immunes
878 2240 916 2278 ac
938 2223 965 2279 si
982 2215 1117 2298 Collegii
1141 2219 1265 2281 statutis

115 2301 342 2364 satisfacerent.
388 2300 475 2373 Quia
491 2314 603 2380 tamen,
620 2301 696 2362 libri
712 2300 949 2364 Institutionum
964 2300 1048 2382 juris
1064 2302 1168 2364 civilis
1183 2303 1265 2386 pub-

115 2385 177 2447 liea
190 2384 350 2469 praelectio
375 2408 437 2450 non
452 2400 554 2469 potest
575 2386 747 2468 incepturis
773 2408 835 2448 non
855 2409 923 2448 esse
947 2387 1035 2449 utilis
1049 2402 1079 2449 et
1096 2390 1264 2467 fructuosa,

115 2469 269 2550 volumus,
285 2483 315 2534 et
332 2494 388 2555 per
410 2486 577 2555 praesentes
593 2472 768 2550 statuimus,
785 2472 869 2554 quod
886 2494 995 2534 omnes
1011 2486 1041 2535 et
1057 2472 1170 2555 singuli
1184 2473 1265 2536 dicti

116 2555 257 2642 Collegii
287 2557 378 2630 Socii,
412 2560 597 2620 Doctoratus
625 2558 761 2642 gradum
791 2556 825 2618 in
857 2554 931 2637 jure
961 2557 1051 2621 civili
1078 2558 1265 2642 suscepturi,

115 2655 229 2725 praeter
254 2643 327 2705 illas
350 2643 585 2706 exercitationes
612 2655 642 2705 et
673 2643 818 2705 lectiones
846 2665 902 2726 per
932 2643 1119 2706 Academiae
1149 2654 1265 2706 statuta

114 2728 300 2813 assignatus,
316 2751 372 2812 per
386 2728 545 2810 integrum
562 2749 682 2791 annum
704 2727 820 2791 librum
838 2727 1079 2792 Institutionum
1102 2730 1217 2812 legent,
1233 2743 1266 2794 et

114 2812 301 2894 hujusmodi
315 2815 467 2877 lectiones
482 2814 567 2876 infra
588 2835 642 2877 sex
657 2836 779 2877 menses
795 2837 814 2876 a
836 2827 985 2897 suscepto
1003 2815 1265 2878 Baccalaureatus

115 2901 216 2983 gradu
235 2900 394 2984 incipient.
453 2900 492 2963 ln
516 2922 650 2982 quorum
674 2901 818 2963 omnium
834 2914 865 2961 et
889 2899 1089 2982 singulorum
1116 2900 1210 2965 fidem
1234 2913 1266 2964 et

114 2985 339 3058 testimonium,
363 2987 504 3073 sigillum
529 2999 682 3064 nostrum,
699 3007 762 3070 quo
785 2986 818 3047 in
837 2986 896 3048 hnc
919 2999 1009 3070 parte
1035 2987 1166 3066 utimur,
1182 3009 1266 3071 prae-

35 3148 40 3157 ,
115 3071 256 3134 sentibus
280 3072 501 3156 apposuimus.
547 3071 672 3135 Datum
697 3072 837 3134 secundo
861 3071 915 3133 die
930 3070 1081 3155 Augusti,
1101 3094 1183 3135 anno
1200 3071 1266 3134 Do-

115 3157 193 3218 mini
213 3158 305 3230 1586,
321 3168 352 3220 et
367 3170 480 3220 nostras
495 3158 705 3220 translationis
724 3178 803 3218 anno
819 3157 920 3218 tertio.

750 3241 845 3305 Jonn
865 3242 978 3322 Ivnus,
994 3241 1222 3328 Registrarius.

117 3547 211 3614 1586.
237 3550 285 3612 As
309 3559 437 3634 appears
459 3551 498 3632 ty
520 3548 711 3633 Arcbbisltop
741 3545 910 3634 Wftitpr'fl’s
933 3550 1026 3626 letter,
1045 3549 1162 3612 written
1176 3558 1205 3612 to
1219 3551 1268 3614 tlte

163 3633 280 3736 Collepe
299 3638 337 3737 ’io
363 3638 412 3698 tlte
442 3634 600 3699 Warden's
623 3636 758 3720 custody,
777 3638 838 3719 for
865 3636 1008 3720 avoidioq
1033 3637 1208 3718 corruption
1234 3639 1268 3699 io

158 3732 365 3806 resrqoatroos.

160 3857 251 3936 First,
267 3856 333 3920 that
348 3878 386 3919 no
403 3877 474 3918 man
491 3855 538 3917 his
554 3855 735 3940 resignation
749 3857 789 3919 be
809 3855 926 3920 offered
947 3877 983 3919 or
1007 3854 1143 3919 received
1158 3856 1267 3920 within

115 3943 168 4006 the
184 3966 273 4027 space
287 3945 364 4005 from
381 3942 433 4004 the
448 3941 586 4004 thirtieth
602 3942 639 4004 of
648 3941 783 4004 October
796 3941 874 4004 until
888 3941 941 4002 the
956 3940 1037 4005 sixth
1060 3942 1120 4028 day
1142 3943 1178 4004 of
1198 3943 1227 4007 N
1233 3965 1268 4007 o·

114 4031 235 4093 vember
251 4041 323 4090 next
339 4027 503 4112 following,
519 4028 548 4088 in
563 4049 621 4113 any
637 4049 712 4113 year
728 4027 877 4090 herealler
889 4028 934 4091 for
947 4049 1027 4090 ever.

157 4114 188 4179 2.
215 4113 304 4186 ltem,
328 4115 356 4176 11
379 4137 437 4196 aoy
464 4113 577 4176 Fellow
603 4135 638 4175 or
664 4113 865 4176 Probationer
892 4112 934 4175 do
956 4111 1060 4196 resign
1088 4112 1190 4176 before
1218 4114 1270 4176 the

114 4199 250 4262 thirtieth
278 4202 313 4263 of
335 4197 482 4272 October,
499 4198 594 4261 eitber
618 4211 649 4260 to
666 4198 717 4260 the
733 4199 883 4276 Warden,
897 4220 932 4261 or
946 4211 978 4260 to
993 4202 1047 4260 the
1063 4198 1269 4263 Sub-warden

115 4284 146 4346 in
172 4285 226 4346 tlte
253 4285 418 4349 Warden’s
444 4286 586 4356 absence,
612 4285 667 4346 the
691 4285 757 4346 said
786 4284 918 4348 Warden
932 4307 966 4347 or
981 4283 1172 4348 Subwarden
1186 4284 1269 4347 shall

115 4369 239 4454 publish
261 4371 316 4434 the
338 4373 405 4433 said
420 4372 603 4457 resignation
618 4369 722 4432 within
738 4370 826 4433 three
841 4371 919 4455 days
936 4382 1008 4436 next
1023 4370 1189 4459 following,
1204 4370 1268 4435 and

116 4455 271 4520 forthwith
286 4470 340 4541 put
356 4457 410 4521 the
425 4459 562 4543 resigner
577 4467 631 4521 out
646 4457 681 4520 of
692 4477 863 4521 cornmons.
977 4470 979 4473 ’
1268 4400 1391 4600 Ι
