3014 4898
73 39 1233 99 τ’*-

249 337 293 402 56
498 336 635 406 Statutes
649 343 689 427 <ff
696 341 754 408 Ali
769 342 863 410 Souis
881 340 1007 428 Collepc,
1028 339 1159 427 Oaford.

248 510 366 590 statuti,
381 511 414 573 in
433 525 594 595 posterum
620 516 660 576 dc
685 516 775 578 bonis
791 516 868 577 dicti
893 514 1030 596 Collegii
1050 510 1214 595 recepturi,-
1230 521 1400 592 antequam

249 598 384 659 habeant
414 596 594 681 hujusmodi
625 600 721 664 libros
737 602 798 663 sibi
828 625 865 662 ex
894 600 1130 663 accommodato
1160 598 1305 660 liberatos
1333 596 1402 657 sive

200 678 206 687 “
249 684 388 761 traditos,
404 684 534 765 singulis
547 689 741 771 temporibus
757 685 948 749 electionum
960 708 1088 748 suarum
1102 685 1164 747 sire
1180 683 1399 745 liberationum
1493 732 1496 737 .

249 769 441 851 hujusmodi,
467 773 498 832 in
523 773 625 854 parvis
647 775 820 836 indenturis
846 775 989 845 scribant,
1013 773 1077 834 sive
1100 771 1194 833 scribi
1217 770 1343 845 saciant,
1366 790 1401 828 se

250 857 406 939 recepisse
417 858 458 918 de
473 858 618 922 manibus
629 858 786 936 Custodis,
799 861 872 931 sive,
883 861 916 921 in
931 857 999 941 ejus
1010 858 1160 935 absentia,
1174 855 1399 929 Vicecustodis,

245 956 280 1004 'et
298 941 424 1004 Decani
437 965 503 1004 suae
518 945 681 1024 facultatis,
697 947 737 1008 de
750 946 841 1008 bonis
852 947 927 1009 dicti
938 944 1085 1026 Collegit,
1100 943 1197 1006 libros
1211 965 1290 1026 quos
1305 941 1349 1002 sic
1361 961 1399 1002 ex

249 1030 493 1099 accommodato,
524 1053 582 1112 per
609 1034 691 1093 viam
728 1031 891 1094 electionis
918 1054 973 1093 seu
1009 1031 1094 1108 alias,
1126 1044 1160 1090 ut
1188 1028 1398 1111 praemittitur,

250 1113 365 1176 suerint
381 1119 558 1197 recepturi3
579 1117 612 1178 in
636 1119 754 1200 quibus
776 1119 869 1179 etiam
892 1117 1074 1187 indenturis‚
1098 1116 1196 1177 libros
1219 1113 1399 1196 hujusmodi

249 1202 290 1262 ab
316 1202 447 1262 invicem
470 1202 648 1266 describent
672 1226 729 1287 per
747 1227 872 1267 suorum
897 1205 1103 1266 secundorum
1123 1201 1212 1262 initia
1232 1200 1397 1262 foliorum:

250 1309 328 1369 quas
343 1287 527 1349 indenturas
542 1312 652 1372 parvas
666 1313 791 1373 semper
805 1291 839 1352 in
853 1291 995 1352 custodia
1007 1289 1156 1352 Custodis
1170 1289 1246 1349 dicti
1261 1284 1397 1365 Collegii

250 1395 317 1451 seu,
329 1373 362 1434 in
374 1371 442 1456 ejus
454 1375 602 1447 absentia,
616 1375 846 1448 Vicecustodis,
857 1378 1001 1439 volumus
1012 1397 1182 1438 remanere.
1208 1374 1397 1448 Statuentes,

39 1471 230 1545 t'eartytnspec·
251 1460 392 1541 insuper,
418 1481 455 1521 ac
481 1461 574 1521 ctiam
595 1463 781 1533 ordinantes,
803 1464 898 1545 quod,
921 1463 1052 1544 singulis
1075 1461 1164 1523 annis
1185 1459 1295 1535 semel,
1318 1458 1400 1519 inira

36 1533 220 1646 ‘¹⁰2⁰f‘2l‘sst‘fl
251 1558 321 1606 octo
339 1545 406 1607 dies
423 1560 494 1607 ante
513 1548 560 1608 vel
584 1563 654 1631 post
677 1550 792 1610 festum
806 1548 955 1610 Omnium
979 1550 1173 1625 Sanctorum,
1190 1568 1295 1608 coram
1313 1544 1399 1606 Cus-

37 1614 134 1711 31¹3?
132 1616 194 1711 {1:3⁶
205 1614 236 1658 ⁰''
253 1633 337 1705 tode,
360 1631 499 1695 Decanis
519 1646 550 1694 et
567 1636 726 1705 burseriis,
747 1633 823 1696 dicti
846 1634 993 1717 Collegii,
1010 1649 1076 1707 aut,
1102 1631 1240 1694 Custode
1258 1635 1398 1703 absente,

35 1725 116 1777 bruks.
252 1715 470 1788 Vicccustode‚
485 1719 624 1784 Decanis
640 1736 671 1783 ct
685 1721 840 1791 burseriis,
854 1722 1066 1793 ostendantur,
1084 1720 1216 1790 realiter,
1232 1716 1400 1780 visibiliter

33 1800 38 1807 ⁶
252 1817 284 1866 et
297 1805 455 1882 distincte,
471 1807 574 1868 omnia
591 1809 781 1875 vestimenta,
798 1806 921 1889 jocalia,
942 1807 1065 1877 calices,
1084 1806 1168 1875 libri,
1188 1819 1219 1865 et
1235 1803 1295 1865 alia
1308 1825 1401 1864 orna-

252 1906 358 1952 menta
372 1890 503 1973 capellae
518 1895 697 1974 praedictae3
720 1916 843 1956 necnon
852 1917 962 1955 omnes
973 1893 1045 1954 libri
1058 1891 1401 1972 facultatnm'qnarnm-

251 1977 339 2049 libet,
355 1978 447 2039 dictis
462 1978 562 2040 Sociis
575 1978 711 2061 Collegii
729 1993 762 2042 ut
783 1980 961 2063 praedicitur
979 1977 1223 2051 accommodati3
1246 1989 1401 2062 qnatenus

250 2063 295 2125 sic
319 2085 471 2146 apparere
496 2065 595 2127 valeat
617 2067 643 2126 si
669 2067 776 2148 aliqua
799 2067 840 2127 de
862 2066 1018 2149 praedictis
1042 2065 1162 2147 perdita
1184 2064 1311 2135 luerint,
1326 2063 1399 2123 sub-

251 2161 358 2227 tracta,
375 2148 545 2212 dilacerata
559 2173 615 2213 seu
630 2153 868 2235 quomodolibet
878 2153 1055 2235 deturpata,
1067 2164 1107 2229 et,
1122 2173 1192 2233 quae
1206 2148 1401 2211 emendanda

251 2234 368 2297 luerint
382 2238 565 2309 necessario,
580 2238 688 2300 debito
704 2253 846 2322 tempore
860 2239 981 2301 valeant
997 2237 1166 2300 emendari.
1214 2235 1290 2298 Post
1304 2256 1399 2317 quem

37 2341 198 2396 ntoettomof
249 2321 360 2392 visum,
384 2320 527 2384 volumus
557 2325 641 2408 quod
664 2325 768 2386 statim
795 2325 870 2386 liant
897 2347 954 2408 per
980 2324 1090 2386 Socios
1120 2344 1206 2384 novae
1231 2320 1401 2384 electiones

37 2407 120 2461 Μὴ
251 2405 403 2470 librorum
417 2411 558 2472 omnium
574 2409 785 2494 quarumlibet
800 2411 996 2481 facultatum,
1011 2410 1153 2492 exceptis
1172 2411 1307 2471 textibus
1317 2405 1401 2489 juris

252 2494 351 2557 civilis
365 2510 397 2557 et
409 2497 561 2576 canonici,
577 2510 611 2558 ut
626 2498 819 2580 praedicitur,
835 2510 867 2559 et
877 2520 965 2559 novae
976 2497 1151 2559 indentnrae
1166 2495 1207 2556 de
1222 2496 1308 2558 libris
1322 2515 1401 2576 quos

251 2581 383 2663 quilibet
413 2581 525 2644 Socios
550 2606 608 2667 pro
631 2583 687 2646 illo
711 2607 793 2646 anno
817 2584 879 2646 sibi
904 2598 978 2646 tunc
998 2581 1136 2665 elegerit,
1156 2582 1189 2643 in
1211 2581 1312 2643 forma
1337 2600 1401 2662 qua

250 2668 431 2750 praedicitur
460 2671 704 2732 conscribantur.
749 2671 908 2740 Volentes,
938 2682 1098 2752 praeterea,
1129 2666 1222 2749 quod,
1251 2668 1284 2728 in
1313 2665 1401 2726 omni

38 2771 189 2824 ormana,
199 2775 228 2823 ot
252 2753 422 2815 donatione
438 2753 591 2815 librorum
606 2778 662 2817 seu
677 2756 809 2816 aliarum
824 2778 929 2817 rerum
942 2776 1211 2836 quarumcunque,
1224 2753 1306 2814 inter
1320 2753 1404 2812 vivos

38 2837 139 2888 'illm‘
149 2839 241 2888 donora
252 2861 308 2901 seu
322 2840 356 2900 in
370 2838 481 2900 ultima
493 2838 649 2901 voluntate
661 2841 789 2924 praefato
804 2841 950 2926 Collegio
963 2841 1110 2911 iacienda,
1123 2839 1279 2901 donatoris
1293 2835 1401 2918 hujus-

252 2925 337 2986 modi
361 2925 503 2986 voluntas
526 2947 581 2986 seu
602 2927 765 3009 dispositio
788 2928 821 2988 in
846 2930 905 2989 hoc
929 2949 1015 3002 casu,
1033 2938 1188 3012 praesente
1206 2936 1320 2988 statuto
1337 2945 1400 2984 non

252 3013 404 3080 obstante,
421 3011 453 3072 in
474 3013 620 3074 omnibus
640 3016 843 3092 observetur3
867 3014 1038 3076 dummodo
1058 3013 1232 3096 proprietas
1250 3024 1279 3073 et
1299 3010 1401 3072 domi-

253 3097 341 3158 nium
370 3095 524 3159 librorum
554 3121 590 3159 ac
612 3123 718 3162 rerum
744 3098 922 3182 hujusmodi
952 3121 1050 3183 penes
1079 3099 1197 3160 dictum
1218 3096 1401 3178 Collegium

253 3185 403 3245 continue
415 3199 597 3246 remaneant
611 3202 641 3247 ct
656 3188 831 3248 consistant.
864 3184 903 3248 ln
915 3187 1074 3248 librariam
1090 3207 1162 3247 vero
1174 3186 1248 3247 dicti
1265 3182 1403 3264 collegii

253 3292 452 3332 communem
476 3270 622 3333 volumus
644 3273 729 3355 quod
752 3272 888 3355 quilibet
908 3272 1022 3334 Socius
1039 3283 1070 3332 et
1089 3270 1236 3334 scholaris
1259 3267 1401 3352 ejusdem

253 3356 353 3418 libere
372 3357 472 3417 valeat
494 3357 653 3434 accedere,
668 3370 699 3419 et
719 3360 802 3442 quod
818 3358 950 3441 quilibet
965 3358 1136 3420 eorundem
1153 3358 1193 3418 de
1208 3379 1313 3420 serura
1329 3354 1402 3416 ostii

254 3440 397 3525 ejusdem
424 3444 537 3504 habeat
562 3445 724 3528 propriam
748 3445 879 3520 clavem,
904 3468 968 3528 qua
990 3445 1089 3507 libere
1109 3442 1209 3506 valeat
1228 3442 1352 3525 ingredi
1372 3454 1404 3502 et

252 3530 358 3605 exire;
381 3529 555 3591 dummodo
579 3552 642 3592 non
667 3531 801 3594 inducat.
817 3546 988 3603 extraneos,
1009 3531 1067 3592 nisi
1089 3551 1165 3592 cum
1188 3529 1307 3613 quibus
1325 3529 1402 3612 ipse,

233 3615 329 3678 *dum
344 3615 422 3676 inibi
436 3616 565 3694 suerint,
582 3617 654 3681 velit
674 3618 881 3701 personaliter
904 3639 1042 3701 praesens
1062 3637 1143 3694 csse,
1165 3631 1196 3678 et
1210 3639 1267 3698 pro
1287 3615 1406 3698 quibus

252 3703 346 3763 etiam
376 3702 451 3765 velit
480 3703 550 3784 ipse
584 3702 619 3773 si,
649 3704 734 3786 quod
766 3704 866 3766 absit!
905 3704 1057 3765 damnum
1091 3702 1222 3786 aliquod
1260 3702 1402 3778 iecerint,

252 3789 453 3872 respondere.

318 3991 399 4075 Cap.
415 3992 568 4060 tt-De
583 3995 666 4059 bonis
680 4006 708 4057 et
717 3996 952 4078 possessionibus
970 3975 1099 4079 Collepii
1112 4013 1170 4057 non
1184 3989 1343 4054 vendendis

706 4103 757 4144 sen
771 4082 953 4145 alienandis.

1 4269 2 4278 ,
36 4224 214 4276 sateormort-
298 4214 390 4295 Item,
404 4217 582 4295 statuimus,
598 4195 778 4279 ordinamus
792 4229 822 4279 et
836 4217 991 4288 volumus,
1009 4215 1091 4299 quod
1106 4211 1255 4287 maneria,
1271 4211 1405 4275 advoca·

36 4288 219 4352 gageottanda,
253 4303 364 4380 tiones,
387 4313 570 4385 patronatus
592 4302 800 4374 eeclesiarum,
824 4314 923 4378 terrae,
939 4313 1123 4378 tenementa‚
1140 4298 1280 4361 redditus
1296 4309 1328 4361 et
1343 4320 1407 4361 ser-

35 4361 86 4406 m
256 4387 338 4466 vitia,
355 4388 458 4459 nativi,
474 4388 577 4450 solnm
591 4389 639 4450 vel
656 4411 727 4451 area
739 4389 836 4468 bosci,
852 4413 905 4452 seu
922 4401 1003 4451 terra
1017 4387 1048 4448 in
1063 4409 1125 4471 qua
1139 4385 1237 4448 bosea
1251 4397 1403 4461 crescunt,

146 4471 150 4479 ’
254 4486 357 4557 prata,
374 4495 500 4556 pascua,
522 4495 697 4537 communae
718 4475 765 4537 vel
788 4490 934 4558 pasturae,
960 4496 1017 4538 seu
1041 4472 1105 4535 alia
1128 4473 1208 4535 bona
1232 4473 1405 4537 immobilia

254 4582 445 4646 quaeeunque
458 4559 533 4626 dicti
548 4561 691 4646 collegii,
706 4562 770 4625 sive
785 4564 846 4625 sint
868 4560 1043 4645 spiritualia
1054 4560 1123 4625 sive
1137 4561 1333 4645 temporalia,
1350 4571 1405 4624 aut

209 4796 387 4833 ...ιιι-*ι-
