3014 4898
169 274 213 347 50
418 280 557 350 Sauum
569 284 610 368 ry*
619 281 677 348 ΑΗ
691 281 784 350 Souis
803 275 929 366 Collega,
951 277 1082 366 Osford.

6 479 57 526 yet·
68 467 103 516 sor
173 459 366 524 miseratione
378 460 547 543 suscepit‚''
561 470 631 529 etc„
654 469 685 520 et
706 464 724 494 “
733 458 831 542 Rege,
849 479 1039 541 quaesumua
1057 455 1207 534 Βθῐῦῑῦθ,
1222 456 1333 518 famu·

12 530 77 581 ¹¹‘¹⁶'·
173 547 239 610 lum
272 547 452 608 Henricum
493 544 772 630 Archipraesulem‚
803 543 1014 608 Fundatorem
1044 541 1216 614 nostrum‚”
1248 544 1330 604 dum

174 633 326 696 fuerimus
347 634 381 694 in
406 632 561 703 humanis,
575 644 614 703 et,
632 643 797 715 postquam
823 633 865 693 ab
887 631 947 693 hac
971 630 1042 694 luce
1069 628 1328 714 migraverimus,

174 719 242 782 loco
268 718 422 782 orationis
451 723 471 755 ‘⁶
483 718 581 804 Rege,
604 740 791 802 quaesumus,
820 717 993 795 Domine,”
1016 716 1125 778 dicant
1150 716 1327 778 orationem

173 811 192 843 ‘⁸
203 805 302 884 Deus,
314 806 370 889 qui
386 805 466 867 inter
480 805 682 888 Apostolicos
692 802 867 867 sacerdotes
876 804 1029 865 famulum
1039 815 1129 864 tuum
1146 801 1326 864 Henricurn

172 890 451 977 Archipraesulem,
471 890 682 954 Fundatorem
697 891 864 962 nostrum,''
885 902 914 953 et
935 913 1005 951 cum
1030 889 1169 952 oratione
1184 887 1326 972 generali

171 999 231 1061 pro
254 977 422 1040 animabus
445 977 589 1038 omnium
609 977 752 1039 fidelium
770 977 997 1054 defunctorum,
1013 980 1031 1011 “
1043 975 1205 1038 Fidelium
1220 973 1324 1044 Deus,

171 1065 315 1127 omnium
331 1062 500 1137 conditor,'’
514 1075 545 1126 et
559 1071 578 1100 “
590 1063 801 1147 Requiescant
822 1064 854 1124 in
876 1061 988 1146 pace.”
1048 1060 1141 1134 ltem,
1158 1061 1235 1122 ituri
1250 1081 1325 1122 vero

171 1151 211 1211 ad
235 1148 350 1212 lectum
372 1148 478 1210 dicant
502 1149 660 1222 similiter,
685 1149 817 1234 singulis
848 1150 999 1227 noctibus
1030 1147 1148 1233 singuli
1170 1147 1324 1230 hymnum

172 1235 349 1298 “Salvator
374 1235 497 1305 mundi,
524 1234 695 1314 Domine,”
721 1258 794 1297 cunr
820 1236 976 1298 versiculo
999 1233 1160 1296 “Custodi
1180 1231 1269 1310 nos,'’
1292 1245 1323 1293 et

171 1320 305 1405 psalmo,
327 1335 343 1359 ‘⁶
358 1320 456 1383 Nunc
472 1321 636 1400 dimittiS,’'
653 1343 691 1384 ac
716 1322 921 1405 antiphonam
946 1319 1072 1382 “Salva
1087 1342 1149 1390 noa,
1170 1317 1324 1387 Domine,

171 1407 374 1492 vigilantes.”
411 1409 454 1471 Et
472 1409 693 1491 subsequenter
708 1408 818 1469 dicant
834 1408 1005 1491 psalmum,
1023 1406 1105 1469 “De
1123 1403 1323 1488 profundis‚”

171 1515 245 1556 cum
263 1499 282 1530 “
296 1494 397 1557 Kurie
411 1491 558 1573 eleison,''
575 1494 731 1556 “Christe
744 1495 857 1556 eleison
874 1507 904 1557 et
922 1494 1023 1557 Kurie
1037 1489 1183 1570 eleison,''
1199 1495 1218 1526 ‘⁴
1227 1489 1325 1552 Pater

172 1579 304 1658 noster‚''
321 1579 423 1643 “Ave
448 1580 482 1641 M
488 1577 584 1659 aria,”
600 1586 618 1616 “
632 1581 674 1643 Et
695 1602 732 1641 ne
752 1579 839 1659 nos,''
856 1595 925 1659 etc,
948 1578 1132 1663 “Requiem
1147 1576 1325 1655 aeternam,”

171 1679 203 1730 et
214 1666 378 1729 versiculis
393 1666 464 1728 aliis
479 1667 647 1730 consuetis.
682 1666 733 1745 Et,
745 1668 820 1728 dum
834 1667 983 1728 fuerimus
996 1667 1031 1728 in
1040 1663 1199 1742 humaniS,
1211 1663 1325 1747 adjun-

171 1763 249 1837 gant
264 1752 354 1814 illam
364 1752 540 1815 orationem
552 1752 740 1838 generalem,
756 1759 775 1788 ‘⁶
787 1751 946 1815 Fidelium
959 1752 1070 1815 Deus’'
1085 1761 1225 1822 tantum3
1250 1770 1324 1810 cum

172 1860 245 1901 vero
259 1839 411 1902 subtracti
419 1838 572 1901 fuerimus
581 1840 621 1902 ab
631 1839 690 1900 hac
700 1839 782 1917 luce,
794 1839 1032 1921 praetermittant
1046 1836 1134 1899 illam
1142 1835 1324 1907 orationem,

173 1929 193 1960 “
204 1924 305 2003 Deus,
322 1925 378 2007 qui
405 1926 487 1987 iuter
510 1925 711 2007 Apostolicos
736 1925 911 1988 sacerdotes
932 1923 1089 1985 famulum
1112 1935 1204 1985 tuum
1233 1920 1324 1983 Hen·
1403 1929 1408 1940 ’

175 2009 279 2072 ricum
317 2009 597 2093 Archipraesulem‚
637 2010 853 2073 Fundatorem
894 2008 1064 2088 nostrum,’'
1100 2007 1326 2092 subjungentes

176 2096 349 2158 orationem
366 2101 385 2132 ‘⁴
397 2096 555 2158 Fidelium
566 2095 586 2128 ’'
601 2097 826 2180 supradictam.
872 2097 1013 2180 Insuper,
1029 2096 1173 2159 volumus
1188 2105 1218 2155 et
1232 2093 1326 2154 etiam

5 2195 89 2256 uiee,
100 2194 158 2244 with
177 2181 357 2245 ordinamus
384 2183 469 2266 quod
499 2182 635 2265 quilibet
668 2183 822 2246 dictorum
858 2184 1032 2261 Sociorum,
1066 2180 1258 2244 scholarium
1294 2189 1327 2240 et

0 2261 166 2342 fmffl‘lffiffl'
178 2267 422 2352 capellanorum,
437 2268 489 2331 nisi
503 2269 681 2331 infirmitate
701 2269 752 2331 vel
772 2269 833 2332 alia
851 2293 947 2333 causa
961 2268 1141 2331 rationabili
1157 2264 1327 2349 impeditus

0 2340 126 2438 ,fflff
177 2355 275 2435 suerit,
298 2354 426 2442 singulis
454 2356 562 2418 diebus
593 2354 733 2435 Veneria,
758 2357 984 2440 impedimento
1012 2368 1151 2418 cessante
1174 2353 1325 2437 legitimo,

13 2454 89 2516 odere,
99 2461 146 2502 eto.
176 2440 314 2526 alioquin
329 2442 435 2525 aliquo
449 2442 515 2505 alio
529 2442 580 2504 die
595 2443 627 2504 in
643 2442 713 2526 ipsa
728 2445 904 2526 septimana
926 2466 988 2526 quo
1009 2440 1245 2504 convenientius
1263 2436 1327 2499 fieri

176 2529 300 2610 poterit,
315 2529 346 2589 in
361 2530 454 2590 choro
474 2528 603 2611 capellae
625 2529 701 2590 dicti
723 2529 857 2614 Collegii
880 2529 989 2606 nostri,
1006 2529 1098 2589 simul
1116 2528 1145 2587 in
1162 2537 1327 2602 conventu,

176 2615 327 2697 exequias
356 2626 560 2699 mortuorum,
590 2635 654 2675 una
686 2637 760 2675 cum
789 2613 1119 2688 commendationibus,
1147 2611 1211 2670 sine
1241 2620 1327 2688 nota,

176 2719 294 2760 necnon
322 2699 454 2759 missam
484 2698 524 2758 de
554 2697 762 2778 “Requiem'’
794 2698 825 2758 in
855 2697 997 2775 crastino,
1029 2695 1203 2757 secundum
1233 2715 1327 2756 usum

174 2783 300 2860 Sarum,
315 2804 373 2864 pro
398 2783 565 2843 animabus
589 2781 816 2861 Fundatorum,
831 2783 1063 2844 benefactorum
1087 2779 1228 2863 ejusdem
1251 2780 1326 2842 Col·

176 2867 259 2953 legii,
287 2883 316 2929 et
349 2867 513 2930 animabus
541 2869 682 2930 omnium
712 2868 854 2931 fidelium
883 2867 1109 2946 defunctorum,
1139 2888 1196 2949 per
1224 2889 1327 2927 unum

177 2954 306 3015 Socium
321 2953 398 3014 dicti
416 2953 561 3039 Collegii,
577 2977 634 3038 per
657 2952 840 3033 Custodem,
856 2954 1097 3017 Vicecustodem
1118 2976 1174 3015 seu
1191 2951 1326 3014 alterum

176 3038 380 3101 Decanorum
406 3037 558 3122 ejusdem,
586 3041 798 3120 limitandum,
822 3040 989 3104 solenniter
1004 3042 1033 3103 in
1053 3039 1326 3125 superpellicibus,

176 3124 322 3187 distincte
345 3148 382 3186 ac
402 3127 512 3188 devote
535 3126 711 3189 decantent.
758 3126 788 3190 A
813 3127 928 3210 quibus
954 3127 1105 3210 exequiis,
1131 3126 1326 3188 commenda-

176 3211 315 3274 tionibus
337 3222 367 3272 et
394 3212 499 3290 missa,
525 3214 681 3274 neminem
706 3213 816 3276 abesse
842 3213 1063 3297 permittimus,
1088 3213 1147 3276 nisi
1168 3237 1207 3274 ex
1232 3232 1327 3273 causa

176 3298 364 3374 rationabili,
377 3320 434 3381 per
452 3297 625 3361 Custodem
642 3297 705 3378 vel,
720 3301 750 3361 in
765 3299 832 3382 ejus
846 3300 996 3379 absentia,
1012 3322 1069 3383 per
1084 3298 1325 3362 Vicecustodem

176 3385 390 3468 approbanda.
435 3384 543 3469 Siquis
559 3396 671 3466 autem,
687 3386 720 3446 in
735 3387 897 3470 praedictis
913 3385 962 3448 vel
978 3387 1083 3470 aliquo
1098 3386 1325 3470 praedictorum,

49 3483 55 3494 '
82 3519 88 3532 .
178 3470 343 3556 culpabilis
354 3471 488 3556 legitime
500 3473 664 3534 convictus
679 3473 778 3552 fuerit,
789 3495 845 3556 pro
859 3475 963 3557 prima
974 3474 1039 3536 vice
1054 3495 1111 3556 per
1123 3492 1219 3533 unum
1231 3471 1326 3548 diem,

177 3578 235 3639 pro
249 3557 386 3621 secunda
400 3580 456 3641 per
471 3556 551 3621 duos
565 3559 640 3638 dies,
656 3570 685 3620 et
700 3580 759 3642 pro
773 3560 864 3621 tertia
886 3582 942 3642 per
964 3581 1059 3621 unam
1083 3556 1325 3634 hebdomadam,

177 3645 354 3705 communis
378 3645 443 3706 suis
466 3655 580 3723 careat,
605 3645 668 3727 ipso
688 3645 791 3720 sact03
814 3646 879 3728 qui,
895 3646 921 3707 si
945 3645 1093 3729 deinceps
1112 3645 1230 3727 pluries
1253 3642 1326 3704 deli·

175 3729 288 3811 querit,
305 3728 399 3811 juxta
422 3729 592 3792 arbitrium
614 3729 765 3793 custodis
789 3743 819 3793 et
843 3730 970 3793 Decani
996 3732 1055 3809 sui,
1071 3729 1118 3793 vel
1133 3731 1168 3791 in
1184 3728 1327 3789 absentia

175 3812 333 3894 Custodis‚
368 3815 588 3879 Vicecustodis
617 3831 648 3876 et
680 3815 808 3880 Decani
837 3818 985 3901 praedicti,
1011 3817 1131 3880 arctius
1159 3826 1190 3875 et
1219 3813 1325 3874 acrius

174 3900 332 3983 puniatur.

173 4033 252 4120 Cap.
266 4035 417 4102 ‘Za-De
439 4040 515 4102 cisto
532 4039 682 4109 communi
690 4060 703 4111 ,·
725 4046 754 4100 et
777 4039 814 4100 de
835 4038 961 4100 mmmr's
984 4036 1023 4099 ob
1044 4035 1146 4098 eodem
1164 4032 1325 4095 secuudum

465 4125 628 4208 qualitates
635 4145 836 4209 persuasorum
847 4124 1030 4186 mutuandis.

218 4240 305 4315 Quia
315 4263 534 4327 nonnunquam
544 4244 586 4307 rei
597 4242 761 4307 familiaris
770 4243 874 4328 inopia
883 4242 1006 4304 studere
1018 4239 1194 4301 debentium
1207 4237 1326 4299 animos

172 4328 250 4391 adeo
263 4339 351 4390 vexat
366 4331 451 4411 quod
466 4350 518 4392 eos
533 4330 611 4393 veris
624 4328 785 4392 literarum
801 4327 919 4407 studiis,
933 4329 979 4390 uti
995 4326 1151 4403 deberent,
1169 4323 1326 4411 applicare

172 4427 339 4499 nequeant,
355 4414 430 4499 quin
446 4415 558 4499 potius,
573 4416 677 4499 inedia·
690 4421 879 4499 novercante,
895 4413 1077 4499 plerumque
1090 4412 1219 4498 contigit
1232 4412 1327 4497 aptis·

172 4500 268 4564 siinos
284 4500 396 4565 studiis
412 4498 591 4565 liberalibus
609 4501 651 4565 ad
674 4514 754 4567 artes
770 4524 802 4564 se
819 4500 997 4587 mancipare
1019 4499 1222 4579 mechanicae,
1237 4512 1267 4560 et
1282 4497 1325 4559 sic
