3014 4898
204 213 247 278 at
456 208 960 296 semesarumque,
982 210 1112 296 ovare.

206 384 360 448 sariorum
374 383 582 462 discretiones,
597 382 807 468 permittimus
820 380 1003 445 ministrari.
1049 380 1081 445 N
1084 381 1198 445 olentes
1213 401 1270 464 per
1283 400 1368 462 prrs-

32 481 196 534 mmonstobe
207 472 301 534 missa
313 471 397 555 quod
413 469 546 552 singulis
560 469 664 539 Sociis,
679 467 874 535 scholaribus
897 490 934 531 ac
957 468 1144 553 presbyteris
1165 465 1368 551 supradictis,

1 616 3 627 .
37 545 182 598 ΝΜ·
207 559 239 621 in
269 556 457 619 victualibus
489 557 682 619 deserviatur
765 554 901 632 naliter3
936 557 1011 639 quia
1041 576 1102 616 rron
1133 576 1241 616 omnes
1271 565 1367 614 erunt

6 609 151 677 ngtormk.
207 642 338 726 aqualis
365 641 492 726 gradus,
518 642 619 705 meriti
644 641 695 704 vel
716 579 842 706 islam.
871 641 949 704 'Sed
974 640 1120 704 volumus
1146 640 1232 724 quod
1257 637 1367 701 ‹leser-

210 732 309 793 viatur
333 728 449 792 eisdem
475 729 647 792 secundum
672 726 891 791 ordinationem
916 738 946 790 et
967 727 1179 791 discretionem
1200 725 1366 796 Custodia,

209 815 435 895 Vicecustodis,
459 814 662 880 Decanorum
688 825 719 876 et
744 813 978 889 bursariorum3
1014 813 1159 876 habendo
1188 822 1367 894 respectum

209 901 350 964 debitum
366 901 406 963 ad
421 913 520 964 status
534 913 565 964 et
587 900 705 986 gradus
720 922 800 983 quos
819 922 876 984 pro
900 911 974 962 tnnc
993 900 1156 963 habuerint
1176 900 1206 962 in
1220 896 1367 982 collegio

209 998 405 1066 memorat03
435 987 612 1070 aequalitate
633 1008 871 1049 communarum
895 986 1034 1048 omnium
1063 985 1282 1070 praedictarum
1306 1005 1368 1066 per

211 1073 268 1138 nos
281 1073 426 1136 ordinata
439 1073 584 1157 superins
599 1094 657 1136 non
669 1075 818 1136 obstante.
863 1071 973 1136 Dictas
988 1095 1056 1135 vero
1071 1094 1255 1136 communes
1269 1091 1366 1153 quos·

172 1228 174 1232 ,
211 1181 337 1243 cunque
352 1159 470 1230 Sucina,
486 1159 651 1238 scholares,
673 1157 913 1242 capellanosque
935 1156 1114 1240 hujusmodi
1134 1169 1366 1232 concernentes,

213 1266 275 1310 non
288 1267 345 1329 per
363 1246 502 1330 ipsorum
525 1245 685 1311 Sociorum
702 1257 732 1306 et
755 1245 988 1328 capellanorum
1010 1267 1134 1315 manus,
1147 1246 1201 1307 sed
1215 1265 1269 1327 per
1284 1243 1365 1304 bur·

211 1333 320 1411 sarios,
344 1331 571 1394 seneschallum
596 1342 627 1394 et
651 1331 842 1415 clavigerum
867 1353 921 1392 seu
952 1331 1205 1415 dispensatorem,
1224 1331 1281 1413 qui
1308 1349 1367 1412 pro

8 1452 10 1458 Δ
25 1430 202 1479 utttrothouse·
212 1430 353 1502 tempore
368 1418 465 1492 luerit,
482 1415 617 1501 expendi
631 1415 787 1490 volumus,
796 1429 826 1480 et
839 1416 938 1480 etiam
954 1418 1133 1481 ministrari.
1173 1417 1366 1486 Statuentes,

20 1496 195 1558 ''dmm“
213 1517 371 1588 praeterea,
392 1504 487 1587 quod,
512 1517 625 1587 quater
647 1503 677 1565 in
699 1504 839 1587 quolibet
864 1524 951 1575 anno,
969 1504 1106 1567 videlicet
1135 1502 1232 1565 semel
1255 1503 1286 1563 in
1304 1500 1367 1562 fine

213 1589 380 1674 cujuslibet
395 1591 529 1664 termini,
546 1601 710 1674 compotus
733 1601 763 1650 et
787 1590 949 1672 particulae
969 1612 1076 1653 omnes
1096 1601 1127 1650 et
1141 1589 1282 1674 singulae,
1297 1596 1366 1648 tam

212 1694 455 1740 communarum
475 1699 573 1760 quam
596 1677 690 1740 etiarn
716 1675 859 1739 omnium
879 1674 1014 1738 aliarum
1038 1698 1075 1738 ex
1116 1697 1244 1739 nsarum
1259 1672 1367 1735 intrin-

211 1783 356 1825 secarum
382 1761 509 1846 hospitii
532 1763 606 1826 dicti
627 1760 770 1847 collegii,
792 1784 849 1846 per
873 1759 1053 1840 Custodem,
1075 1697 1318 1827 l'icecustodem
1336 1771 1368 1821 et

212 1848 370 1920 Decanos,
387 1849 555 1912 audiantur
572 1860 602 1910 et
624 1850 720 1911 etiam
744 1847 915 1910 videantur.
961 1846 1013 1911 Ita
1027 1848 1124 1932 quod,
1138 1848 1166 1910 si
1181 1847 1320 1930 aliquem
1333 1847 1367 1906 in

213 1957 251 1998 ea
266 1948 356 2019 parte
371 1934 525 1997 defectum
541 1935 717 2010 invenerint,
731 1935 833 2017 ipsum
849 1935 955 1997 statim
970 1937 1129 2020 corrigant
1148 1944 1180 1997 et
1192 1935 1368 2007 reforment,

212 2029 307 2104 prout
331 2021 379 2082 eis
406 2021 517 2084 melius
543 2020 699 2084 videbitur
723 2021 879 2104 expedire,
905 2042 964 2105 pro
988 2019 1125 2084 utilitate
1149 2031 1180 2083 et
1201 2018 1368 2082 commodo

0 2105 178 2172 neptunum·
212 2105 355 2192 collegii
383 2107 534 2189 praedioti.
581 2104 623 2168 Et
646 2106 771 2190 siquid
795 2107 836 2168 de
862 2106 1041 2169 communis
1065 2106 1230 2190 predictis,
1247 2103 1367 2174 Socios,

1 2188 76 2221 ’Μ
211 2192 369 2255 scholares
387 2192 435 2254 vel
453 2191 629 2292 capellanos
645 2193 820 2276 praedictos,
842 2194 1108 2264 concernentibus,
1126 2191 1260 2276 singulis
1272 2211 1367 2273 quar·

212 2279 302 2344 teriis
325 2279 516 2362 supradictis
536 2277 734 2364 superfuerit,
750 2277 912 2341 residuum
935 2291 1047 2355 totum,
1071 2279 1139 2342 sine
1158 2277 1367 2341 diminutione

214 2365 334 2449 aliqua,
350 2366 381 2426 in
398 2366 539 2428 utilitate
558 2365 718 2428 communi
739 2364 819 2429 dicti
838 2363 988 2451 collegii,
1001 2366 1084 2429 sicut
1103 2378 1213 2431 caetera
1231 2362 1368 2448 ejusdem

215 2451 300 2517 bona
315 2453 506 2531 communia,
523 2462 699 2516 reservetur.

258 2659 340 2744 Cap.
360 2658 509 2723 ll.-De
523 2660 708 2810 mmcbcdpt
714 2661 794 2763 antor
806 2663 937 2835 W&
950 2660 1124 2748 mamonis
1138 2658 1331 2746 deputand03

722 2768 816 2830 puro
878 2771 905 2814 o.
1079 2764 1081 2769 “

4 2881 206 2936 rettomtouke
263 2881 353 2953 Item,
381 2883 561 2959 statuimus,
586 2883 771 2947 ordinamus
795 2899 824 2947 et
851 2885 1004 2954 volumus,
1028 2885 1123 2969 quod,
1147 2905 1203 2966 pro
1228 2881 1370 2964 qualibet

3 2948 170 3062 ffifflffis
217 2970 399 3052 septimana,
426 2991 507 3030 nnus
531 2971 607 3032 dicti
633 2969 765 3054 Collegii
792 2971 914 3050 Sosius,
939 2971 1082 3033 seriatim
1107 2971 1138 3032 in
1170 2969 1277 3032 ordine
1301 2989 1369 3038 suo,

5 3076 157 3134 tietantia
214 3055 307 3139 juxta
320 3056 460 3117 ordinem
474 3076 676 3126 camerarum,
694 3058 734 3119 sit
748 3058 930 3121 victualium
946 3057 1088 3121 omnium
1103 3079 1160 3139 pro
1175 3052 1372 3117 hebdomada

5 3139 277 3216 routtns,weetly.illa
301 3152 480 3225 emptorum
506 3153 536 3202 et
563 3143 779 3213 emendorum,
805 3166 843 3208 ac
873 3146 967 3207 etiam
997 3163 1204 3224 expensarum
1227 3141 1370 3203 omnium

6 3205 179 3318 pppeesottne
220 3228 310 3291 illins
329 3227 546 3301 hebdomadae,
560 3228 761 3311 dispensator
780 3242 812 3292 ct
836 3232 1004 3308 ordinator,
1020 3251 1092 3291 cum
1111 3227 1321 3312 supervisione
1337 3238 1370 3286 et

76 3306 82 3320 ⁸
216 3313 427 3399 dispositione
444 3314 538 3377 unius
564 3315 789 3387 bursariorum,
803 3317 859 3400 qui
882 3340 942 3402 pro
963 3326 1105 3398 ternpore
1121 3315 1230 3390 t'uerit;
1255 3324 1287 3375 et
1299 3333 1371 3396 par-

220 3401 319 3464 celtas
332 3402 470 3465 omnium
494 3413 524 3463 et
545 3400 735 3487 singulorum
755 3405 962 3486 emptionum,
980 3401 1194 3488 provisionum
1208 3410 1240 3462 et
1254 3420 1372 3483 expen-

218 3509 330 3550 sarum
355 3509 624 3572 quarumcunque,
648 3489 836 3572 nominaque
862 3488 1025 3554 Sociorum
1050 3489 1194 3550 omnium
1217 3498 1249 3551 et
1270 3482 1371 3567 capel-

224 3573 363 3636 lanorum
386 3573 588 3637 existentium
609 3573 650 3634 ad
675 3574 812 3659 integras
840 3574 887 3638 vel
909 3575 950 3638 ad
975 3574 1093 3637 medias
1114 3593 1308 3642 communae,
1330 3591 1372 3632 ac

217 3656 370 3741 jornellos
386 3681 579 3743 quoscunque
595 3681 652 3742 pro
667 3659 722 3722 illa
743 3661 931 3743 septimana,
946 3662 1061 3724 scribat
1075 3681 1131 3721 sen
1150 3657 1245 3721 scribi
1261 3657 1372 3730 saciat3

222 3745 277 3827 qui
293 3743 502 3809 seneschallus
518 3745 599 3807 aulae
614 3767 672 3827 pro
691 3747 867 3828 septimana
889 3769 947 3810 sua
970 3757 1175 3828 nuncupetur.
1217 3740 1371 3820 QUOdque

223 3851 330 3892 omnes
349 3841 384 3892 et
401 3829 514 3916 singuli
533 3831 619 3900 Socii
642 3832 721 3895 illud
739 3854 827 3911 onus,
843 3833 977 3917 singulis
1001 3831 1069 3896 suis
1095 3826 1288 3908 septimanis,
1305 3825 1371 3886 vice

224 3937 282 3978 sna
310 3938 469 3978 assumere
497 3938 534 3978 ac
564 3917 666 3980 subire
688 3929 851 3982 teneantur
880 3931 911 3980 et
935 3919 1087 3991 debeant3
1120 3911 1310 3975 Doctorihus
1340 3911 1370 3970 in

223 4001 461 4084 quibuscunque
490 4002 699 4073 facultatibus,
726 4004 930 4068 Vicecustode
962 4025 999 4065 ac
1028 3997 1187 4073 burseriis,
1220 3997 1373 4058 duntaxat

224 4089 369 4170 exceptis.
417 4086 569 4172 Idemque
597 4088 709 4152 Socius
723 4089 956 4162 >seneschallus
982 4085 1115 4172 singulis
1143 4080 1373 4155 refectionibus,

223 4193 328 4235 coram
355 4173 619 4237 discumbentibus
649 4176 750 4240 Sociis
780 4187 809 4238 et
838 4172 1044 4242 scholaribus,
1069 4180 1211 4234 cessante
1238 4169 1373 4251 impedi-

224 4273 330 4329 mento
355 4257 494 4344 legitimo
517 4260 731 4344 approbando,
755 4261 872 4324 facula
894 4280 954 4320 sua
978 4258 1126 4341 deponat3
1155 4276 1373 4326 nemeaeum

222 4345 432 4428 dispensatore
447 4359 502 4406 aut
525 4345 678 4431 clavigero
701 4347 856 4432 praedicto,
872 4345 903 4405 in
922 4341 1088 4425 cujuslibet
1104 4343 1286 4427 septimanae
1302 4343 1372 4421 fine,

224 4431 277 4495 die
301 4429 437 4495 videlicet
462 4431 602 4504 Veneris,
627 4433 686 4495 nisi
716 4432 823 4495 eodern
846 4431 895 4493 die
918 4431 1032 4494 festum
1053 4429 1179 4494 solerrne
1204 4430 1374 4515 conligant,
