3014 4898
55 507 150 570 Pauing
161 507 200 558 the

52 571 121 633 night
132 580 175 622 out
184 574 212 622 ol

54 635 162 699 college.

267 316 311 380 44
516 310 773 400 StondmosAlI
786 313 880 383 Scala
898 313 1024 399 Callope,
1045 313 1175 399 Oeford.

269 487 458 551 scholarium
481 498 535 550 ant
557 487 722 551 Sociorum
746 485 970 572 praedictorum
992 486 1286 571 extra=Collegium
1311 509 1421 569 supra-

268 575 400 654 dictum,
417 574 451 636 in
466 573 545 637 villa
560 573 740 637 Oxoniensi
755 587 810 636 aut
824 571 891 655 ejus
915 573 1084 652 suburbiis,
1101 585 1155 635 aut
1168 573 1243 635 aliis
1259 573 1348 651 locis‚·
1364 596 1421 656 per

268 672 401 745 quatuor
415 659 599 724 milliarium
614 661 754 743 spatium
768 682 788 722 a
800 659 878 723 villa
890 659 1065 724 Oxouiensi
1079 661 1209 722 minime
1219 660 1421 739 distantibus,

269 769 326 811 seu
351 748 440 825 intra,
461 746 696 831 quomodolibet
725 757 928 830 pernoctare3
952 747 1015 808 nisi
1043 769 1081 808 ex
1111 769 1206 808 causa
1235 747 1421 825 necessaria,

270 833 449 897 rationabili
475 846 507 895 et
541 832 680 912 honesta,
703 854 758 917 per
786 833 886 895 dictos
915 831 1099 911 Custodem,
1128 832 1369 896 Vicecustodem
1391 844 1423 894 et

272 920 440 984 Decanum
455 942 558 997 suum,
573 919 784 1002 approbanda.
823 917 982 1002 Alioquin,
995 919 1020 980 si
1036 919 1137 981 forsan
1149 918 1316 1002 quisquam
1328 917 1424 980 scho-

271 1006 386 1068 larium
402 1004 449 1069 vel
462 1005 627 1069 Sociorum
650 1005 882 1089 praedictorum,
898 1015 970 1088 post
993 1005 1238 1089 publicationem
1263 1006 1423 1089 prasentia

271 1092 371 1155 nostri
386 1093 506 1171 statuti,
521 1114 615 1174 quam
637 1091 706 1154 loco
722 1091 906 1153 monitionis
932 1091 1078 1172 legitimae
1093 1093 1127 1154 in
1144 1093 1203 1154 hoc
1226 1113 1300 1154 casu
1315 1090 1424 1154 haberi

272 1178 424 1257 volumus,
449 1178 483 1240 in
507 1177 684 1261 praemissis
698 1177 750 1240 vel
773 1199 880 1240 eorum
904 1177 1009 1260 aliquo
1033 1177 1205 1261 culpabilis
1231 1177 1423 1256 inveniatur,

272 1262 484 1346 cujuscunque
511 1275 621 1342 status,
644 1265 760 1350 gradus
785 1277 840 1327 aut
868 1263 1069 1342 conditionis,
1093 1264 1213 1343 existat,
1239 1286 1295 1348 pro
1318 1263 1425 1347 prima

272 1350 340 1412 vice
353 1371 410 1434 per
424 1349 641 1433 septimanam,
666 1372 724 1433 pro
739 1350 875 1413 secunda
889 1350 955 1414 vice
979 1372 1035 1433 per
1050 1351 1248 1433 quindenam,
1263 1371 1320 1434 pro
1334 1349 1425 1412 tertia

272 1458 331 1520 per
358 1457 458 1498 unum
486 1457 625 1498 mensem
651 1449 728 1499 tunc
759 1437 902 1519 proxime
931 1446 1121 1508 secutumm,
1152 1436 1330 1498 communis
1361 1435 1427 1498 suis

171 1587 174 1593 ,
274 1533 387 1600 careat,
403 1522 474 1604 ipso
497 1521 597 1586 facto:
622 1520 673 1584 sin
689 1523 717 1585 si
740 1528 855 1606 quarto
875 1521 1054 1606 deliquerit,
1068 1523 1101 1584 in
1122 1525 1182 1584 hoc
1198 1544 1275 1584 casu
1289 1524 1331 1584 ab
1353 1521 1428 1620 ipso

274 1607 358 1670 dicto
374 1606 519 1693 Collegio
545 1609 711 1691 praesentis
726 1609 835 1694 vigore
860 1612 963 1672 statuti
988 1608 1097 1692 ipsum
1124 1609 1288 1672 exclusum
1303 1621 1334 1669 et
1360 1629 1426 1691 prt-

61 1706 218 1757 Termotab
275 1710 382 1757 vatum
408 1695 472 1756 sore
496 1695 705 1774 decernimus
731 1695 800 1778 ipso
824 1697 914 1759 facto.
962 1694 1037 1757 Hoc
1060 1694 1155 1758 etiam
1177 1695 1316 1779 proviso,
1340 1693 1426 1776 quod

59 1841 105 1884 etc.

59 1786 135 1831 ”⁰⁰⁰2
148 1771 247 1835 periodo,
276 1778 381 1843 nullus
409 1779 603 1843 scholarium
641 1803 699 1844 seu
724 1781 890 1844 Sociorum
921 1781 1151 1866 predictorum,
1181 1782 1216 1843 in
1242 1802 1306 1844 uno
1334 1800 1428 1859 anno,

275 1865 357 1929 ultra
382 1866 546 1948 sexaginta
575 1866 644 1930 dies
669 1867 835 1929 continuos
860 1864 906 1928 vel
933 1866 1056 1929 vicibus
1081 1867 1278 1951 interpolatis
1301 1866 1429 1928 discon-

276 1952 391 2031 tiuuos‚
413 1976 432 2015 a
446 1952 531 2016 dicto
547 1951 693 2038 Collegio
715 1975 748 2016 se
771 1953 930 2030 absentet3
952 1963 983 2013 et
1006 1952 1087 2035 quod
1103 1975 1164 2016 una
1179 1963 1208 2016 et
1233 1951 1342 2014 eadem
1357 1952 1428 2015 vi'ce

276 2060 335 2101 non
349 2038 441 2100 detur
455 2037 602 2123 pluribus
617 2036 815 2102 scholaribus
824 2039 876 2101 vel
891 2038 1006 2118 Sociis,
1017 2037 1099 2101 ultra
1110 2039 1221 2102 decem
1237 2040 1271 2102 in
1286 2059 1428 2111 numero,

278 2122 406 2186 licentia
426 2123 622 2210 absentandi,
644 2134 850 2209 praeterquam
871 2147 890 2186 a
904 2122 1020 2208 vigilia
1041 2123 1152 2188 Sancti
1167 2125 1302 2188 Thomae
1319 2124 1429 2208 Apos-

277 2209 335 2273 toli
350 2233 450 2294 usque
473 2211 513 2272 ad
527 2221 652 2273 octavas
665 2210 773 2274 Sancti
791 2210 923 2289 Hilarii,
932 2224 963 2270 et
977 2233 996 2272 a
1012 2211 1062 2272 die
1078 2210 1254 2275 Dominica
1269 2213 1302 2272 in
1317 2210 1430 2274 Ramis

277 2295 459 2360 Palmamm
473 2297 625 2380 usquead
640 2297 722 2360 diem
739 2296 940 2360 Dominicam
955 2296 991 2359 in
1006 2297 1121 2360 octavis
1142 2297 1283 2377 Paschae,
1298 2312 1327 2359 et
1343 2321 1362 2358 a
1375 2296 1428 2358 die

280 2380 398 2445 Martis
412 2383 556 2466 proximo
579 2394 651 2445 aute
671 2383 783 2446 festum
807 2383 1008 2446 Pentecostes
1031 2383 1190 2467 usquead
1212 2381 1429 2448 diemDomi·

277 2468 381 2531 nicam
411 2468 589 2552 proximam
620 2480 688 2553 post
709 2468 823 2532 festum
846 2469 970 2532 Sanctae
995 2469 1176 2549 Trinitatis,
1191 2481 1220 2532 et
1246 2493 1266 2532 a
1291 2468 1429 2531 crastino

276 2553 519 2638 Assumptionis
534 2554 642 2618 Beatae
660 2555 769 2617 Mariae
785 2578 884 2639 usque
908 2556 949 2617 ad
965 2568 1087 2617 sextum
1103 2557 1188 2618 diem
1206 2555 1357 2619 Octobris
1376 2577 1430 2616 ex·

278 2649 353 2702 tunc
378 2641 522 2722 proxime
536 2641 694 2716 futurum3
716 2642 834 2722 quibus
850 2642 1057 2723 temporibus,
1074 2642 1262 2705 scholaribus
1276 2655 1307 2704 et
1330 2641 1431 2705 Sociis

279 2724 454 2807 praedictis,
479 2724 644 2806 usquead
673 2745 837 2786 numemm
861 2725 979 2810 viginti
1002 2747 1203 2810 personarum
1228 2729 1262 2791 in
1290 2735 1365 2806 toto,
1391 2749 1430 2789 ex

278 2831 377 2872 causa
395 2808 583 2872 rationabili
604 2822 635 2872 et
650 2807 792 2889 honesta,
808 2823 842 2872 ut
859 2823 937 2894 puta
956 2813 1158 2876 recreationis
1178 2814 1230 2877 vel
1245 2814 1319 2886 alia,
1335 2815 1430 2876 licen-

279 2895 358 2956 tiam
375 2893 473 2958 simul
485 2895 558 2957 dari
572 2895 801 2980 permittimus,
812 2917 872 2959 non
884 2897 988 2975 ultra3
1006 2896 1083 2978 illis,
1095 2900 1153 2983 qui
1168 2914 1297 2985 propter
1306 2899 1433 2984 negotia

280 2978 422 3066 Collegii
451 2981 594 3044 absentes
631 2980 758 3060 fuerint,
789 2983 822 3045 in
856 3004 990 3047 numero
1026 2984 1206 3049 absentium
1244 2985 1432 3070 hujusmodi

279 3066 414 3130 minime
429 3067 644 3150 computatis3
668 3067 732 3128 uisi
747 3088 788 3131 ex
803 3070 910 3133 causis
924 3071 1129 3152 promotionis
1144 3073 1296 3157 ipsorum,
1319 3072 1434 3135 mortis

279 3152 330 3215 vel
344 3152 453 3234 gravis
478 3152 675 3215 infirmitatis
689 3166 855 3237 parentum
880 3178 937 3218 seu
952 3156 1139 3238 amicorum,
1156 3170 1211 3222 aut
1235 3160 1311 3222 aliis
1326 3157 1434 3222 causis

280 3238 497 3301 consimilibus
535 3239 681 3317 utilibus,
711 3260 768 3323 per
793 3239 1014 3323 juramentum
1052 3243 1237 3328 hujusmodi
1270 3245 1432 3308 licentiam

280 3324 466 3408 petentium,
482 3325 514 3386 in
537 3325 704 3410 praesentia
731 3323 897 3407 Custodia,
923 3329 1130 3393 Decanorum
1151 3343 1181 3394 et
1203 3332 1434 3408 bursariorum,

280 3411 338 3493 qui
353 3433 409 3494 pro
423 3424 566 3496 tempore
582 3412 616 3474 iu
633 3411 779 3564 Collequo
794 3425 962 3501 praesentes
976 3415 1107 3496 fuerint,
1122 3440 1189 3498 seu,
1205 3418 1276 3502 ipso
1291 3417 1434 3482 Custode

281 3497 662 3648 affenle'lyioecuffl'dss
677 3515 707 3561 et
767 3523 938 3566 ecanorum
952 3523 992 3564 ac
1018 3503 1236 3568 bursariorum
1251 3502 1433 3579 eorundem,

280 3605 300 3646 a
335 3604 486 3649 rman1s.

282 3787 361 3870 Cap,
376 3787 569 3865 20.-Qn0d
585 3810 643 3852 non
659 3800 813 3856 exerceant
828 3792 914 3858 Indos
927 3794 1094 3859 inhonestos
1107 3797 1192 3878 irpra
1206 3794 1343 3855 clausum
1357 3791 1435 3853 dicti

331 3873 469 3958 Colleqii,
484 3875 532 3937 vel
544 3875 632 3958 irp'ra
652 3873 886 3940 Universitatem
903 3879 1097 3944 ottoniensem
1105 3901 1118 3951 ;
1140 3890 1169 3942 et
1182 3877 1263 3960 quod
1274 3897 1361 3939 canes
1375 3898 1435 3940 non

295 4045 298 4048 .
326 3968 444 4022 teneant
458 3970 514 4024 aut
527 3961 608 4024 nisos
623 3963 670 4023 vel
682 3962 851 4044 accepitres.

72 4109 274 4178 tteeptnghnwke,
328 4089 417 4161 Item,
432 4091 607 4162 statuimus,
619 4093 802 4155 ordinamus
817 4107 848 4156 et
858 4093 1011 4168 volumus,
1023 4095 1105 4178 quod
1121 4094 1227 4157 nullus
1242 4095 1434 4159 scholarium

69 4178 171 4238 houndr,
181 4181 230 4226 etc.

72 4369 134 4443 Dicq
143 4367 192 4415 aud

70 4447 175 4496 gammg.

285 4176 333 4238 rel
348 4176 512 4239 Sociorum
527 4175 607 4238 dicti
627 4176 767 4260 Collegii
791 4179 981 4262 leporarium
1006 4194 1108 4243 teneat
1131 4196 1184 4243 aut
1204 4203 1316 4244 canem
1333 4183 1434 4244 alium

285 4283 516 4347 quemcunque,
533 4262 665 4334 lerettos,
679 4264 793 4338 nisum,
808 4279 863 4328 aut
877 4265 974 4328 aliam
989 4289 1077 4328 avem
1092 4267 1279 4350 accipitrem
1295 4269 1436 4350 qualem·

287 4368 419 4430 cunque.
472 4346 682 4424 Taxillorum‚
708 4349 847 4435 insuper,
875 4368 906 4414 et
928 4351 1078 4429 alearum,
1107 4376 1296 4436 omnemque
1325 4356 1436 4418 ludum

287 4433 428 4512 noxium,
450 4431 663 4497 inordinatum
687 4450 719 4498 et
741 4436 903 4518 illicitum,
927 4438 1009 4504 inlra
1030 4439 1213 4522 Collegium
1238 4443 1435 4523 praedictum,

285 4522 332 4585 rel
347 4519 429 4583 alibi
444 4518 526 4582 intra
542 4516 795 4595 Universitatem,
814 4525 894 4609 ipsis
912 4528 1040 4612 penitus
1057 4527 1279 4591 interdicimus
1297 4543 1327 4592 et
1340 4529 1437 4592 etiam
