3014 4898
362 261 496 328 Stotutes
510 264 550 346 of
557 262 616 324 All
631 258 724 328 Soclr
743 257 867 343 Cbllcqe,
889 257 1017 344 Osrford.
1226 257 1263 321 13

116 436 250 508 eosdem,
264 434 432 500 secundum
450 431 572 519 regulas
587 443 617 495 ct
631 441 743 494 statuta
757 431 888 495 inferius
900 431 996 506 edita,
1013 439 1044 492 et
1058 429 1263 514 imposterum

115 541 171 604 per
199 543 254 584 nos
275 531 305 583 et
331 541 523 584 successores
554 529 684 590 nostros,
712 516 954 580 cantuarienses
984 514 1264 601 Archiepiscopos‚

116 605 246 680 edenda,
262 607 386 670 statutis
400 617 429 668 et
444 605 697 669 ordinationibus
714 604 825 666 nostris
838 603 1015 665 nullatenus
1032 604 1190 665 contraria
1208 626 1264 665 seu

115 689 220 775 aliquo
236 693 330 756 modo
344 691 561 778 repugnantia,
575 701 672 776 regat,
688 689 827 772 corrigat
851 700 882 752 et
901 689 1064 774 gubernet.
1109 688 1177 761 Qui
1192 711 1263 772 per-

116 793 230 861 petuus
250 778 298 856 sit,
323 793 354 841 et
367 779 485 841 Custos
509 776 648 859 ejusdem
665 775 810 861 Collegii,
825 775 998 857 vulgariter
1017 775 1173 860 Gardeym
1190 796 1263 857 per-

117 878 212 947 petuo
240 875 455 947 nuncupetur:
487 864 535 926 vir
555 864 646 926 bonae
669 862 907 926 conversationis
936 871 965 923 et
992 859 1136 940 honestae,
1166 883 1204 922 ac
1228 861 1263 922 in
1277 875 1436 929 Quattttesof

118 949 259 1021 scientia,
281 951 430 1035 bonisque
445 950 584 1012 moribus
611 960 642 1011 et
667 948 914 1024 conditionibus,
939 947 1145 1031 approbatus,
1171 959 1203 1009 et
1229 947 1264 1008 in
1277 941 1315 988 “¹0
1328 939 1441 990 wardon.

117 1036 345 1119 temporalibus
368 1051 460 1120 atque
485 1035 708 1119 spiritualibus
734 1034 901 1107 discretus,
928 1032 1075 1117 providus
1101 1056 1151 1104 ac,
1164 1033 1264 1095 etiam

117 1121 371 1205 circumspectus.
427 1121 525 1206 Cujus
553 1121 813 1196 nominationem,
844 1120 1029 1183 electionem
1061 1131 1153 1203 atque
1184 1141 1263 1203 prae-
1277 1126 1430 1203 nominarint

118 1207 291 1282 tectionem,
308 1209 471 1293 perpetuis
488 1208 600 1271 suturis
618 1208 825 1290 temporibus,
840 1207 1017 1278 statuimus,
1033 1205 1218 1269 ordinamus
1235 1216 1265 1268 et
1277 1191 1436 1304 “wl‘fllm

71 1378 72 1382 Ἰ
119 1293 272 1374 volumus,
288 1296 401 1358 debere
419 1295 485 1357 fieri
500 1296 558 1357 sub
573 1295 632 1356 hac
648 1296 747 1356 forma
756 1317 766 1371 ;
788 1293 946 1365 videlicet,
960 1293 1052 1376 quod,
1065 1293 1196 1365 sedente,
1209 1292 1265 1353 de·
1277 1271 1443 1381 bordain

120 1379 257 1454 cedente,
273 1381 393 1465 privato
407 1381 456 1443 vel
473 1393 585 1451 amoto,
597 1380 679 1442 dicti
690 1379 830 1464 Collegii
846 1378 985 1443 Custode
1000 1400 1197 1463 quocunque,
1209 1379 1266 1461 qui
1278 1397 1305 1445 of
1315 1397 1421 1447 reltovr.

120 1487 203 1528 nunc
219 1479 266 1530 est
280 1466 331 1530 vel
346 1467 380 1529 iu
396 1470 536 1529 futurum
551 1467 622 1544 erit,
639 1478 693 1527 aut
709 1465 818 1527 eodem
834 1465 980 1547 Collegio
995 1465 1072 1528 alias
1081 1487 1267 1548 quocunque

120 1551 215 1615 modo
231 1551 368 1615 Custode
384 1553 541 1623 destituto,
558 1573 665 1613 omnes
680 1563 712 1614 et
726 1550 845 1632 singuli
866 1551 950 1614 Socii
977 1552 1123 1634 perpetui
1145 1551 1268 1634 praefati

123 1636 273 1723 Collegii,
290 1638 346 1720 qui
370 1638 407 1701 de
431 1658 561 1701 numero
577 1637 736 1700 dictorum
760 1637 972 1720 quadraginta
996 1639 1129 1716 fuerunt,
1146 1652 1221 1699 tunc
1236 1637 1268 1698 in
1324 1693 1328 1702 .

121 1721 331 1788 Universitate
347 1736 527 1808 praesentes,
544 1744 605 1785 non
629 1723 736 1786 citatis
759 1724 955 1794 absentibus,
973 1724 1026 1786 sed
1042 1722 1144 1786 solum
1159 1746 1270 1806 expec-

120 1810 196 1872 tatis
211 1832 269 1893 per
282 1810 461 1894 quindecim
484 1810 561 1888 dies,
586 1832 606 1871 a
628 1823 770 1893 tempore
794 1809 1011 1872 destitutionis
1033 1807 1215 1892 hujusmodi
1237 1809 1271 1870 in

121 1896 209 1959 dicto
221 1896 369 1994 Collegio
385 1897 558 1981 publicatae
573 1907 604 1957 et
630 1908 711 1958 notae
737 1897 884 1959 continue
899 1897 1090 1975 numerandi,
1106 1918 1163 1980 per
1178 1896 1272 1959 Vice-

122 1984 282 2045 custodem
300 1983 451 2066 ejusdem,
469 1983 498 2044 si
513 2005 647 2066 praesens
662 1983 763 2062 luerit,
779 1999 830 2044 aut
845 2004 881 2044 eo
898 1982 1025 2044 absente
1040 1983 1091 2044 vel
1107 1983 1270 2065 impedito,

123 2069 170 2132 sic
184 2069 269 2153 quod
286 2091 344 2152 per
357 2092 429 2131 eum
446 2069 580 2153 agendis
595 2068 630 2130 in
646 2070 706 2130 hac
722 2079 812 2152 parte
829 2067 963 2153 negotiis
987 2091 1047 2130 non
1061 2068 1163 2131 valeat
1178 2068 1272 2131 inter-

123 2177 201 2234 esse,
217 2177 275 2239 per
290 2155 419 2218 Socium
441 2154 521 2217 dicti
536 2154 673 2239 Collegii
698 2155 818 2216 caeteris
840 2155 1043 2238 praesentibus
1066 2154 1226 2232 seniorem,
1241 2154 1272 2214 in

124 2242 208 2303 dicto
223 2240 370 2325 Collegio
384 2241 419 2302 in
434 2262 532 2302 unum
555 2240 728 2311 convocati,
748 2241 830 2302 int'ra
852 2252 986 2323 quatuor
1007 2240 1075 2303 dies
1099 2253 1168 2322 post
1183 2239 1272 2321 quin-

125 2326 231 2388 decim
247 2327 310 2387 dies
323 2325 495 2408 praedictos
518 2325 669 2388 similiter
691 2325 836 2387 continue
859 2327 1082 2404 numerandos,
1099 2325 1132 2386 in
1148 2324 1275 2406 capella

125 2412 202 2474 dicti
220 2410 367 2497 Collegii,
384 2433 479 2493 quam
496 2412 530 2473 iu
546 2411 606 2473 hoc
629 2433 686 2493 pro
701 2411 793 2473 domo
808 2409 979 2494 capitulari
993 2413 1193 2494 deputamus,
1210 2410 1275 2471 col-

124 2497 292 2583 legialiter,
309 2519 397 2558 mane
410 2498 492 2559 circa
506 2497 616 2558 horam
634 2497 814 2579 septimam,
831 2498 1031 2574 conveniant3
1053 2497 1117 2576 ubi,
1134 2495 1275 2579 exposita

125 2606 182 2667 per
197 2583 442 2647 Vicecustodem
464 2596 518 2645 aut
539 2582 669 2644 Socium
694 2583 850 2645 seniorem
875 2580 1067 2665 hujusmodi,
1089 2606 1143 2646 eos
1163 2604 1274 2644 convo·

127 2679 259 2742 cantem,
285 2691 382 2731 causa
408 2669 637 2731 convocationis
663 2690 736 2740 sure,
762 2669 892 2748 scilicet,
917 2690 976 2751 pro
999 2669 1153 2732 electione
1178 2668 1274 2730 futuri

127 2755 277 2818 Custodis
307 2753 463 2828 facienda,
487 2767 653 2838 antequam
670 2755 710 2817 ad
725 2752 908 2817 electionem
933 2754 1072 2839 ejusdem
1096 2756 1274 2838 procedant,

127 2864 185 2925 pro
201 2841 339 2924 Spiritus
354 2841 467 2904 Sancti
484 2841 589 2927 gratia
609 2841 751 2904 devotius
767 2840 950 2913 invocanda,
966 2841 1099 2903 missam
1114 2842 1150 2906 de
1165 2842 1272 2904 eodem
1288 2861 1437 2912 Mmotthe

129 2928 254 3010 Spiritu
278 2928 394 2990 Sancto
408 2927 527 2990 faciant
552 2927 631 2990 inter
653 2950 686 2990 se
709 2928 918 2991 communiter
941 2939 973 2991 et
996 2929 1166 2991 solenniter
1191 2929 1274 2990 cele·
1287 2926 1453 2989 HotyGhott.

130 3013 235 3089 brari3
258 3036 322 3097 qua
344 3015 521 3090 decantata,
537 3015 645 3076 statim
669 3014 701 3076 in
727 3014 888 3076 communi
912 3012 1034 3098 legatur
1056 3014 1115 3076 hoc
1140 3036 1275 3098 praesens
1289 3041 1449 3103 Resdtngthe

130 3114 270 3163 nostrum
294 3111 455 3179 statutum,
471 3121 509 3162 ac
525 3100 650 3180 deinde,
666 3100 781 3183 absque
797 3100 886 3162 omni
901 3099 966 3161 alia
982 3098 1066 3184 juris
1091 3099 1274 3165 solennitate
1287 3113 1382 3155 statute·

128 3187 161 3249 in
176 3185 384 3249 electionibus
399 3186 475 3248 aliis
491 3186 649 3250 observari
662 3197 692 3248 et
706 3187 769 3250 fieri
786 3197 943 3258 consueta,
960 3187 1056 3250 etiam
1071 3185 1276 3250 Patronorum

130 3295 185 3334 seu
202 3272 419 3335 Fundatorum
435 3270 571 3354 ejusdem
578 3272 671 3341 colle
694 3272 721 3334 ii
737 3293 799 3333 non
815 3274 943 3334 obtenta
958 3295 1011 3334 seu
1027 3274 1125 3355 petita
1133 3272 1275 3341 licentia,

130 3380 264 3442 percos
291 3360 332 3420 ad
360 3355 541 3420 electionem
564 3358 658 3419 futuri
672 3295 825 3420 Custodis
847 3358 879 3419 in
904 3359 1003 3420 forma
1026 3357 1204 3440 subscripta
1226 3356 1276 3419 ul·

130 3445 229 3506 terius
244 3444 437 3526 procedatur.
483 3441 650 3514 Videlicet,
664 3463 775 3505 omnes
792 3456 823 3504 et
843 3442 962 3524 singuli
987 3444 1076 3507 Socii
1093 3443 1275 3527 supradicti,
1288 3456 1353 3504 oath
1364 3456 1392 3504 ot

131 3531 164 3592 in
179 3527 272 3610 hujus
286 3529 450 3590 electionis
464 3528 587 3613 negotio
610 3543 784 3612 praesentes,
799 3528 892 3591 tactis
908 3550 964 3611 per
987 3529 1074 3613 ipsos
1090 3540 1121 3592 et
1135 3530 1276 3611 ipsorum
1288 3519 1394 3569 claron.

132 3614 306 3699 quemlibet
320 3616 524 3676 sacrosanctis
539 3613 604 3675 Dei
614 3615 808 3700 Evangeliis,
822 3636 927 3682 coram
943 3615 1093 3679 omnibus
1110 3626 1184 3678 tunc
1198 3636 1278 3698 prae-

133 3702 286 3772 sentibus,
302 3699 510 3762 Vicecustode
520 3713 574 3762 aut
583 3700 669 3763 dicto
683 3700 783 3763 Sociis
798 3702 949 3782 exigente,
960 3703 1121 3784 corporale
1130 3712 1280 3784 praestent

128 3789 352 3873 juramentum,
370 3787 464 3869 quod,
480 3786 668 3869 postpositis
683 3798 714 3848 et
738 3787 935 3849 cessantibus
951 3788 1143 3851 omnimodis
1164 3809 1280 3858 amore,

133 3878 251 3946 favore,
268 3875 352 3945 odio,
368 3873 491 3951 timore,
507 3872 644 3950 invidia,
659 3873 859 3956 partialitate,
874 3871 1036 3936 affectione
1060 3873 1280 3958 consanguini-

134 3961 209 4025 tatis
225 3971 258 4023 et
282 3959 455 4038 affinitatis,
479 3981 597 4022 necnon
620 3960 801 4042 acceptione
825 3981 1029 4042 personarum
1052 3971 1083 4022 et
1102 3961 1225 4043 patriae,
1243 3982 1280 4021 ac

135 4047 301 4110 occasione
314 4068 501 4129 quacunque
520 4045 627 4128 precis
647 4060 700 4108 aut
724 4045 833 4128 pretii,
856 4046 975 4128 absque
989 4068 1086 4109 morae
1101 4046 1281 4129 dispendio,

137 4134 225 4212 duos,
241 4155 339 4196 unum
356 4133 510 4210 artistam,
527 4132 673 4195 videlicet
690 4132 880 4217 Magistrum
896 4132 931 4194 in
947 4155 1036 4194 sacra
1051 4132 1215 4214 theologia,
1230 4131 1280 4194 vel
1293 4144 1478 4221 Qualtficartons

137 4218 331 4301 Magistrum
346 4218 376 4280 in
390 4218 509 4281 artibus
523 4219 575 4300 qui
591 4219 798 4282 necessariam
814 4219 986 4304 regentiam
1003 4219 1037 4281 in
1053 4219 1169 4282 artium
1184 4217 1280 4280 sacul-
1293 4209 1367 4258 ⁰¹⁶le
1378 4212 1453 4285 Aust

138 4317 203 4366 tate
230 4306 443 4387 compleverit,
468 4315 497 4367 et
524 4328 623 4366 unum
653 4304 753 4367 alium
773 4302 931 4387 juristam,
947 4305 1090 4368 videlicet
1112 4304 1281 4370 Doctorem
1293 4273 1467 4388 qunggqgtto

134 4388 214 4473 juris
229 4391 374 4453 canonici
388 4391 436 4454 vel
451 4391 567 4469 civilis,
581 4400 635 4452 aut
647 4390 887 4454 baccalaureum
905 4391 940 4453 in
956 4392 1051 4453 altero
1062 4391 1184 4476 jurium
1200 4413 1283 4474 prae-

141 4476 308 4554 dictorum,
333 4477 390 4558 qui
420 4476 565 4540 libellum
597 4477 849 4556 Institutionum,
878 4477 907 4540 si
938 4477 1076 4541 civilista
1101 4478 1205 4556 luerit,
1233 4493 1287 4541 aut
