3014 4898
201 591 473 675 srnruuas
501 591 702 701 oanan
730 596 894 675 sonus
922 592 1179 690 conanda,

527 711 806 865 :fluxuosa

660 952 753 1006 ’⁸:··0

124 1063 315 1132 Prooemium
331 1070 464 1135 Hmrici
482 1070 650 1136 Ciiechelec
664 1017 697 1135 iii
707 1014 848 1171 &aba
860 1067 988 1175 §olleqii
1000 1069 1053 1134 sui
1068 1069 1127 1133 Ale
1140 1067 1254 1136 senten

572 1182 697 1264 Collepe,
720 1184 822 1248 Oxou·

112 1309 303 1380 Uu1vnns1s
322 1317 439 1383 Christi
456 1319 598 1383 fidelibus
614 1319 655 1381 ad
671 1339 748 1402 quos
762 1302 931 1402 praesen'tes
951 1317 1046 1387 liteiae
1053 1319 1265 1409 pervenerint,

116 1399 273 1467 Henricus
296 1414 499 1489 cognomento
516 1403 712 1477 Ohiechelee,
738 1405 844 1470 divina
867 1401 1264 1490 permissiopaj·cantuari-

114 1489 196 1550 ensis
211 1488 480 1576 Archiepiscopus,
495 1492 592 1555 totius
613 1490 740 1576 Angliae
762 1491 894 1569 Primas,
919 1501 950 1553 et
973 1487 1161 1574 Apost‘otte'ae
1185 1491 1266 1554 sedis

114 1569 266 1658 Legatus,
283 1578 413 1640 salutem
427 1579 457 1640 iu
473 1578 532 1656 Eo,
549 1576 602 1661 qni
617 1588 662 1639 est
680 1578 821 1641 omnium
841 1575 924 1640 salus
940 1598 1021 1639 vera.
1070 1566 1265 1662 Pensitantas
1278 1589 1386 1642 clariosl
1397 1585 1469 1642 desti:

113 1680 337 1746 nonnunquam
362 1675 394 1730 et
416 1686 494 1728 verae
521 1665 742 1748 compassionis
766 1662 864 1727 oculis
894 1665 1115 1728 considerantes
1138 1656 1451 1768 ‘stitm3⁰fi⁰r2ffld,.

115 1745 201 1810 illius
233 1749 356 1813 inermis
388 1750 509 1814 militiae
543 1750 675 1829 clericae,
705 1761 831 1835 propter
863 1751 906 1811 rei
936 1749 1099 1813 familiaris
1128 1719 1465 1847 inoplaimffi'fflss

116 1832 253 1918 aliasque
268 1837 410 1899 miserias
426 1838 522 1920 hujus
537 1838 648 1901 mundi
663 1837 791 1901 labentis
806 1836 906 1898 indies
926 1837 958 1897 in
974 1836 1119 1915 deterius,
1133 1836 1270 1899 immenss
1277 1849 1317 1898 tha
1327 1801 1454 1914 kidgdomi

116 1941 187 1983 sum
202 1922 345 1987 flebiliter
354 1919 424 2005 jam
448 1925 637 2007 collapsum,
653 1946 689 1987 ac
705 1944 765 1985 non
789 1923 901 1985 minori
916 1923 1042 2006 piatatis
1057 1921 1167 1986 affectu
1181 1943 1267 1988 corn·

114 2007 263 2090 patientes
277 2010 418 2072 intimius
433 2009 480 2071 illi
505 2011 615 2074 morbo
641 2007 776 2094 generali
800 2022 929 2071 armatae
953 2007 1075 2072 militiae
1101 2006 1269 2087 saecularis,

115 2113 172 2176 per
187 2115 315 2178 guerras
330 2096 413 2157 inter
433 2095 557 2181 Angliae
582 2109 613 2159 et
637 2096 774 2159 Franciae
796 2117 890 2179 regna
911 2093 1081 2178 plurimum
1095 2094 1268 2170 diminutae,

117 2199 177 2239 non
192 2179 297 2242 dolere
321 2183 526 2264 nequivimus,
543 2191 786 2244 rememorantes
801 2180 1054 2265 magnificentiam
1079 2188 1109 2243 et
1126 2180 1269 2244 honorem

118 2265 235 2348 quibus
250 2265 396 2349 praedicta
412 2277 541 2351 utraque
564 2266 684 2340 militia,
710 2267 764 2350 pia
786 2266 982 2328 aemulatione
1008 2288 1040 2327 se
1068 2265 1200 2328 invicem
1215 2287 1269 2328 ex·

117 2351 224 2413 cedere
253 2352 480 2427 contendentes,
511 2354 630 2415 dudum
657 2352 752 2414 etiam
780 2353 888 2414 nostris
910 2349 1102 2435 temporibus
1124 2349 1270 2414 inclitum

118 2436 247 2525 Angliae
276 2460 409 2523 regnum
440 2439 626 2502 adversariis
654 2439 767 2501 merito
797 2438 1029 2501 formidandum
1059 2435 1210 2517 effecerat,
1240 2447 1271 2500 et

118 2523 204 2606 apud
233 2524 374 2587 nationes
403 2532 526 2587 exteras
557 2525 760 2609 splendidum
789 2524 1007 2607 praedicaverat
1037 2546 1074 2587 ac
1097 2523 1269 2609 plurimum

117 2609 294 2694 gloriosum.
333 2611 498 2686 Quocirca,
513 2613 603 2674 nobis
620 2611 741 2674 diutina
755 2610 867 2671 mentis
881 2611 1049 2672 versatione
1063 2608 1272 2696 cogitantibus

118 2696 261 2781 qualiter,
281 2694 374 2780 juxta
403 2707 514 2761 nostrae
539 2698 699 2781 parvitatis
723 2694 900 2775 modulum,
930 2696 1052 2779 utrique
1075 2699 1118 2760 rei
1142 2697 1271 2760 militari

117 2784 354 2866 praedictatam
372 2783 504 2869 graviter
518 2785 682 2848 vulneratae
705 2797 765 2866 per
781 2782 913 2866 alicujus
935 2782 1064 2844 antidoti
1082 2783 1270 2845 medicinam

118 2891 290 2953 possemus,
305 2869 354 2933 vel
369 2871 399 2932 in
415 2870 558 2951 minimo,
574 2871 777 2954 spiritualiter
791 2869 837 2932 vel
863 2867 1080 2951 temporaliter
1094 2869 1270 2945 subvenire,

118 2968 220 3021 nostro
248 2958 377 3021 tandem
408 2957 518 3020 resedit
539 2959 571 3019 in
601 2959 707 3020 animo
733 2967 768 3019 ut
791 2978 810 3018 a
833 2954 1103 3020 Christianissimo
1129 2955 1270 3040 principe

120 3041 261 3108 Henrico
278 3044 384 3116 Sexto,
402 3065 483 3107 nunc.
510 3044 599 3131 Rege
611 3042 733 3128 Angliae
757 3055 789 3104 et
816 3040 957 3104 Franciae
971 3039 1091 3117 illustri,
1107 3063 1143 3105 ac
1167 3053 1272 3106 nostro

118 3127 181 3193 filio
198 3130 362 3214 spirituali,
378 3140 486 3213 utpote
501 3131 550 3192 cui
573 3151 696 3193 sacrum
714 3128 866 3213 Baptismi
892 3127 1144 3206 ministravimus,
1159 3127 1271 3191 oblatis

119 3215 160 3278 ad
177 3216 237 3280 hoc
252 3217 404 3299 precibus,
416 3215 522 3279 debita
538 3233 608 3278 cum
623 3216 771 3279 instantia
785 3226 964 3299 peteremus
977 3225 1126 3297 quatenus
1141 3212 1221 3297 ipse,
1231 3212 1271 3276 de

118 3301 207 3366 bonis
231 3304 371 3372 fortunae,
395 3323 465 3384 quae
490 3303 578 3365 nobis
602 3302 633 3363 in
656 3300 715 3364 hac
741 3301 805 3363 vita
839 3297 983 3383 largiflue
1006 3300 1113 3364 tribuit
1139 3299 1269 3364 affluens

85 3446 88 3451 .
118 3385 239 3452 bonitas
255 3386 422 3458 Creatoris,
439 3386 469 3449 in
484 3387 621 3471 quodam
637 3386 702 3449 solo
718 3395 830 3462 nostro,
846 3383 931 3467 quod
946 3406 1047 3467 nuper
1059 3385 1101 3446 ad
1115 3384 1174 3450 hoc
1188 3387 1269 3449 intra

118 3472 225 3537 villam
241 3471 460 3536 Universitatis
476 3472 611 3536 Oxoniae
630 3471 862 3556 acquisivimus,
878 3491 977 3535 unum
993 3468 1174 3556 Collegium
1190 3493 1265 3555 pau·
1279 3495 1432 3548 roundation
1443 3496 1470 3548 ,f

119 3579 233 3643 perum
247 3580 284 3623 ac
298 3558 504 3644 indigentium
519 3559 716 3637 scholarium,
728 3556 921 3635 clericorum,
937 3556 992 3640 qui
1015 3556 1095 3620 inibi
1117 3578 1176 3620 non
1200 3567 1265 3619 tam
1277 3577 1294 3610 α
1305 3563 1405 3625 Collega
1415 3564 1443 3611 ⁰s

119 3647 215 3712 variis
230 3645 371 3709 scientiis
385 3656 416 3707 et
431 3643 632 3708 facultatibus
648 3642 771 3730 jugiter
790 3643 928 3708 insistere
944 3665 1040 3726 quam
1055 3643 1195 3707 devotius
1209 3664 1265 3728 pro
1277 3642 1335 3739 ἔξω
1344 3626 1472 3738 schplms

120 3733 284 3797 animabus
314 3730 428 3794 inclitae
468 3731 687 3794 recordationis
719 3729 851 3794 Henrici
881 3729 1001 3808 Quinti,
1035 3749 1136 3813 nuper
1167 3728 1265 3816 Regis
1276 3706 1454 3817 souli⁸ir1ilng

120 3814 249 3904 Angliae
264 3829 295 3880 et
307 3818 458 3896 Francia,
473 3817 598 3882 illustris
612 3815 824 3902 progenitoris
847 3815 903 3888 sui,
920 3835 957 3877 ac
977 3815 1101 3879 domini
1122 3815 1264 3886 Thomae,
1277 3819 1359 3882 fleury
1370 3819 1402 3868 V·
1414 3819 1464 3868 Μ

120 3906 223 3970 Ducis
237 3904 414 3982 Clarentius,
436 3915 679 3987 coeterorumque
703 3924 866 3988 procorum
890 3913 921 3964 et
940 3901 1083 3966 fidelium
1104 3902 1195 3988 regni
1217 3882 1422 3997 suilhffh'e'ffin

118 3993 257 4078 Angliae,
284 3992 406 4075 quibus,
429 3991 461 4053 in
485 3991 552 4053 suis
577 4003 607 4053 et
631 3989 707 4052 dicti
729 3986 895 4073 patrissui
921 3986 1123 4070 temporibus,
1149 3962 1386 4062 amaraeiheim
1396 4010 1468 4062 witb'

120 4079 231 4143 mortis
241 4079 375 4144 calicem
390 4077 493 4143 clades
507 4076 619 4141 bellica
634 4076 713 4140 iuter
727 4075 810 4138 dicta
820 4075 881 4137 duo
896 4095 994 4157 regna
1009 4072 1067 4140 diu
1078 4074 1267 4141 invalescens
1277 4074 1376 4126 Franca

119 4164 310 4250 propinavit,
332 4187 368 4228 ac
388 4163 556 4228 animabus
579 4163 718 4226 omnium
744 4160 883 4224 fidelium
897 4160 1120 4233 defunctorum,
1140 4182 1267 4226 exorare

120 4250 280 4327 deberent,
298 4252 357 4314 All
379 4250 491 4319 Socim
521 4249 638 4336 Callope
660 4246 831 4333 vulgariter
858 4246 1116 4330 nuncupandum,
1140 4248 1268 4313 fundana

117 4336 300 4422 dignaretur
316 4347 348 4399 et
359 4359 416 4420 pro
430 4337 588 4420 perpetuis
602 4335 715 4400 t'uturis
723 4333 917 4418 temporibus
930 4332 1079 4396 stabilire.
1117 4333 1169 4397 Sic
1183 4334 1267 4397 euim

116 4423 310 4509 speravimus
324 4423 408 4507 quod
421 4445 458 4488 eo
474 4423 590 4489 felicius
617 4423 707 4507 pium
735 4420 794 4488 hoc
809 4434 921 4487 nostrae
935 4420 1111 4486 intentionis
1126 4420 1270 4505 proposi·
1390 4456 1427 4527 1
