3014 4898
372 384 505 451 Stotcter
520 388 559 471 of
567 385 625 450 Au
640 386 733 454 Souis
752 385 878 473 Colleqe,
901 384 1030 470 chord.
1228 382 1272 448 53

120 554 264 640 plenarie
288 559 482 642 registrctur‚
505 581 543 621 ac
564 581 622 642 per
636 559 810 622 Custodem
832 571 862 621 et
884 557 1037 641 majorem
1061 568 1182 641 partem
1204 568 1269 619 tarn

120 645 300 706 artistarum
323 668 417 728 quam
428 643 617 726 juristarum
632 647 795 710 Sociorum
807 646 888 709 dicti
903 643 1045 729 Collegii
1056 643 1269 727 praesentium,

120 752 256 812 qnorum
283 748 352 793 octo
375 731 534 794 facultatis
551 729 635 814 juris
658 733 758 795 civilis
780 744 810 793 et
833 732 976 795 canonici
1005 731 1150 807 existant,
1173 752 1270 813 super

121 815 304 898 hujusmodi
328 818 445 900 scripto
467 831 590 881 mature
614 829 645 881 et
668 819 876 881 communiter
904 817 1114 881 deliberatum
1145 816 1269 895 existat,

121 901 290 987 ipsumque
320 904 471 988 scriptum
501 927 560 987 per
586 905 710 966 eosdem
734 905 962 988 approbatum
986 904 1168 985 inquorum
1190 924 1269 986 prae·

120 989 224 1050 sentia
252 990 372 1053 dictum
404 1012 566 1052 commune
596 991 740 1074 sigillum
770 1016 788 1053 a
820 1013 917 1074 parva
946 990 1027 1052 cista
1048 989 1207 1071 praedicta,
1231 988 1267 1049 in

120 1096 235 1158 magna
267 1076 340 1137 aula
366 1077 441 1139 dicti
464 1076 610 1162 Collegii,
641 1091 671 1139 et
700 1100 759 1140 non
788 1077 866 1139 alias
889 1089 945 1138 aut
968 1076 1059 1146 alibi,
1083 1073 1267 1157 aperienda,

120 1172 305 1240 extractum,
337 1162 455 1245 scripto
493 1161 677 1245 hujusmodi
713 1175 901 1247 apponatur.
961 1161 1012 1240 Et,
1045 1160 1390 1238 nihilominuS,Penatry.

120 1269 231 1309 omnes
259 1261 288 1310 et
319 1249 464 1328 singulos
493 1251 559 1333 qui,
590 1263 700 1313 contra
731 1251 865 1312 formam
894 1248 1088 1334 praedictam,
1118 1246 1267 1330 sigillum

119 1355 287 1397 commuue
310 1335 498 1418 praedictum
526 1336 628 1399 alicui
658 1336 763 1410 literae,
791 1335 987 1417 obligationi,
1011 1334 1188 1395 indenturae
1210 1356 1267 1394 seu

120 1420 249 1503 scripto,
264 1433 319 1483 aut
334 1422 414 1483 albae
429 1423 554 1499 charta,
578 1445 765 1506 pergameno
791 1422 841 1485 vel
861 1421 1041 1483 membrano
1064 1441 1128 1481 non
1151 1419 1268 1503 scripto

119 1507 308 1590 cuicunque,
324 1509 536 1591 apposuerint,
552 1511 655 1592 etqui
678 1510 719 1572 ad
742 1509 776 1570 id
796 1509 976 1571 laciendum
997 1505 1122 1568 realiter
1137 1526 1267 1566 consen·

119 1593 230 1671 serint,
257 1606 369 1677 praeter
395 1616 521 1677 poenam
544 1594 686 1677 perjurii,
709 1617 804 1679 quam
828 1596 897 1678 ipso
924 1597 1004 1656 facto
1031 1614 1083 1653 eos
1111 1592 1268 1653 incurrere
1308 1590 1311 1595 ’

104 1676 276 1758 volumus,
292 1679 378 1762 ipsos
393 1703 411 1740 a
427 1680 512 1743 dicto
527 1679 670 1766 Collegio
685 1682 825 1764 privatos
847 1682 910 1742 lore
923 1679 1114 1742 decrevimus
1129 1699 1164 1738 eo
1178 1677 1266 1761 ips03

119 1775 159 1842 et,
181 1765 393 1843 nihilominus,
416 1766 457 1826 ad
478 1767 735 1829 satisfaciendum
760 1789 815 1850 pro
837 1765 964 1828 damnis
986 1779 1017 1826 et
1038 1762 1167 1846 injuriis
1183 1763 1267 1825 dicto

119 1849 261 1936 Collegio
284 1874 322 1913 ea
344 1852 510 1915 occasione
538 1852 637 1916 illatis
661 1876 718 1915 seu
742 1852 917 1915 inferendis
943 1851 1060 1914 arctius
1088 1861 1268 1910 remaneant

118 1937 262 2022 obligati,
277 1951 308 1999 et
331 1940 371 2002 ad
390 1938 457 2018 hoc,
477 1940 589 2024 vigore
606 1941 765 2022 praesentis
787 1939 883 2004 nostri
905 1937 1025 2015 statuti,
1042 1934 1164 1998 realiter
1177 1946 1266 1996 tene·

117 2035 224 2089 antur.
268 2024 308 2088 In
329 2028 470 2087 secunda
492 2048 564 2089 vero
582 2039 612 2088 et
628 2027 789 2110 superiore
809 2047 933 2088 camera
954 2024 1048 2087 dictae
1068 2024 1181 2085 domus
1199 2022 1403 2101 stvepurodu

118 2111 225 2189 turris,
244 2109 280 2173 in
302 2113 438 2195 quadam
461 2112 542 2174 cisa
563 2113 603 2175 ad
626 2112 685 2176 hoc
708 2114 869 2198 deputata,
892 2122 1046 2194 ponantur
1068 2120 1098 2170 et
1120 2089 1404 2201 securiusgtggtbt’l·

119 2197 338 2260 custodiantur
360 2198 471 2260 omnia
490 2198 615 2281 jocalia,
631 2221 705 2263 vasa
730 2213 875 2284 argentea
895 2198 946 2260 vel
971 2218 1074 2266 aurea,
1095 2195 1135 2256 ad
1159 2194 1263 2277 quoti·

118 2284 254 2345 dianum
279 2307 374 2346 usum
398 2284 477 2347 dicti
501 2283 640 2369 Collegii
669 2286 802 2346 minime
825 2284 990 2368 requisita.
1035 2281 1077 2345 In
1100 2281 1164 2342 alia
1190 2275 1404 2342 verocunody«

119 2369 208 2447 cista,
224 2369 356 2448 ibidem,
379 2387 568 2454 reponantur
592 2393 701 2433 omnes
724 2370 820 2434 bullae
844 2369 1029 2453 Apostolicae
1050 2379 1081 2430 et
1101 2387 1266 2452 processus
1277 2340 1388 2453 gfff?
1392 2359 1404 2454 Ἴ

119 2454 195 2517 inde
211 2455 321 2529 secuti,
334 2457 603 2539 appropriationes
618 2456 828 2536 ecclesiarum,
840 2455 1052 2517 ordinationes
1064 2451 1266 2530 vinariarum,
1277 2475 1347 2528 tutes,
1358 2440 1404 2518 eti.

118 2541 234 2603 chartae
260 2540 371 2623 Regiae
392 2552 423 2603 et
444 2542 579 2604 aliorum
597 2543 810 2620 dominorum,
833 2542 913 2604 liber
935 2538 1103 2622 originalis
1122 2537 1267 2599 omnium

119 2626 359 2690 ordinationum
389 2639 421 2688 ct
449 2637 636 2692 statutorum
663 2640 843 2691 nostrorum
872 2626 951 2690 dicti
982 2623 1132 2710 collegii,
1161 2634 1269 2686 nostro

117 2712 295 2798 pontificali
311 2714 422 2793 sigillo
440 2714 610 2796 sigillatus,
626 2737 663 2778 ac
678 2714 876 2776 munimenta
891 2713 1033 2794 sigillata
1047 2716 1080 2773 et
1094 2708 1268 2790 originalia

118 2821 315 2883 quaecunque
340 2800 464 2863 dictum
486 2799 672 2883 Collegium
694 2800 933 2884 quomodolibet
953 2796 1183 2862 concernentia.
1228 2795 1267 2859 In
1279 2807 1404 2869 Keyuote

119 2897 250 2969 utraque
272 2909 345 2950 vero
364 2887 584 2970 praedictarum
604 2888 757 2951 cistarum
779 2886 1051 2949 munimentomm
1069 2896 1101 2945 et
1111 2881 1267 2964 jocalium

117 2973 341 3055 praedictorum
365 2973 426 3035 sint
444 2974 539 3036 etiam
561 2982 625 3037 tres
640 2996 752 3037 serurae
773 2974 911 3046 diversae,
927 2994 1000 3035 cum
1015 2969 1116 3033 tribus
1131 2969 1267 3032 diversis

117 3057 271 3139 clavibus,
283 3082 416 3143 quarum
429 3058 509 3122 duas
519 3060 638 3122 divisas
649 3059 763 3123 Custos
780 3059 893 3122 babeat
908 3059 1055 3122 continue
1068 3078 1165 3140 penes
1175 3077 1218 3132 se,
1235 3065 1267 3117 et

117 3160 253 3227 quatuor
275 3148 356 3209 alias
378 3146 498 3209 divisas
523 3147 661 3209 habeant
688 3145 753 3207 duo
783 3144 840 3207 alii
857 3144 945 3207 Socii
968 3142 1211 3205 sufficientiores
1236 3154 1267 3202 et

119 3231 322 3310 discretiores,
339 3233 381 3295 ad
399 3233 457 3296 hoc
471 3255 526 3316 per
540 3234 692 3316 majorem
707 3243 830 3317 partem
846 3231 1069 3317 graduatorum
1094 3227 1268 3312 specialiter

118 3317 219 3396 electi,
236 3340 369 3400 quorum
393 3340 486 3380 unum
498 3319 648 3400 juristam
670 3331 700 3379 et
716 3317 849 3380 alterum
872 3319 1012 3379 artistam
1029 3336 1096 3377 esse
1113 3314 1265 3394 volumus,

117 3405 172 3485 qui
187 3404 326 3466 officiarii
342 3404 465 3465 nrinime
480 3403 594 3465 fuerint
608 3402 661 3465 illo
677 3411 767 3465 anno.
814 3402 855 3466 Et
871 3402 1023 3471 volumus,
1040 3401 1169 3482 insuper,
1182 3399 1265 3482 quod
1277 3400 1405 3482 tudanum

116 3489 157 3549 de
171 3491 312 3551 omnibus
329 3489 483 3571 jocalibus
506 3490 547 3552 ibi
566 3490 786 3558 conservandis,
809 3488 939 3572 singulis
960 3486 1058 3556 annis,
1083 3484 1138 3546 liat
1157 3469 1363 3548 iudea-³⁰ll’l‘·

117 3585 186 3636 tura
195 3598 204 3651 ;
221 3577 310 3657 cnjus
325 3596 387 3635 una
402 3596 473 3656 pars
488 3596 543 3657 per
554 3587 650 3637 totum
664 3594 779 3635 annum
795 3573 920 3634 indicta
931 3572 1008 3633 cista
1021 3580 1213 3654 permaneat,
1224 3570 1264 3632 de

100 3681 217 3721 -nranu
233 3661 369 3743 alicujus
388 3661 521 3722 bursarii
542 3681 601 3722 non
622 3658 764 3720 habentis
783 3657 901 3720 clavem
926 3655 1065 3740 aliquam
1086 3655 1168 3716 cistae
1183 3676 1266 3737 prae·

117 3746 219 3819 diotre,
237 3756 268 3807 et
281 3745 383 3808 altera
398 3768 470 3831 pars
484 3768 575 3829 penes
589 3746 746 3809 bursarios
761 3755 931 3812 remaneat,
947 3744 985 3803 de
1001 3762 1097 3802 rnanu
1115 3739 1264 3802 Custodis

118 3830 166 3892 vel
182 3831 308 3894 alterius
318 3831 441 3894 illorum
450 3832 584 3894 duorum
597 3832 756 3893 Sociorum
766 3831 867 3894 claves
878 3830 967 3893 dictoe
976 3828 1057 3892 cistae
1070 3826 1262 3890 habentium.

118 3918 276 3990 Volentes,
293 3920 422 4002 insuper,
437 3918 530 4000 quod,
544 3916 679 4002 quolibet
700 3940 779 3980 anno
794 3917 900 3987 semel,
919 3915 974 3976 fiat
990 3913 1119 3976 actualis
1134 3912 1263 3974 demon·
1276 3920 1406 3998 tearlyju

117 4006 227 4067 stratio
237 4006 374 4066 omnium
388 4006 538 4067 bonorum
548 4004 662 4066 ibidem
673 4003 880 4080 existentium,
891 4003 920 4063 in
931 4000 1094 4084 praesentia
1103 3996 1263 4078 Custodia,
1274 3991 1325 4035 ‘¹⁰¹¹
1337 3987 1406 4050 ‘'ll‘'

122 4091 348 4162 Vicecustodis,
364 4092 562 4154 Decanornm
574 4103 603 4151 et
619 4091 839 4160 brrrsariorum,
849 4100 884 4150 ut
894 4088 937 4150 sic
945 4087 984 4148 de
994 4099 1075 4149 statu
1090 4084 1261 4149 eorundem
1402 4162 1406 4170 ‚

117 4178 270 4239 bonorum
296 4177 357 4239 illis
381 4178 526 4241 omnibus
551 4189 692 4238 constare
721 4175 819 4238 valeat
851 4174 1021 4253 manifeste.
1065 4171 1395 4244 Or·rlinantes‚Che⁸tf0r

116 4277 272 4349 praeterea,
289 4264 375 4347 quod
393 4265 522 4326 indicta
544 4263 681 4326 secunda
696 4274 726 4326 et
741 4262 900 4346 superiore
923 4281 1047 4320 camera
1063 4259 1102 4320 sit
1119 4280 1181 4319 una
1197 4256 1260 4320 alia
1274 4238 1406 4360 mil?

115 4350 193 4411 cista
224 4373 345 4437 magna,
377 4350 462 4412 sortis
491 4362 520 4413 et
542 4370 659 4420 secura,
692 4349 789 4410 tribus
819 4347 929 4409 seruris
958 4355 1095 4422 serrata3
1124 4316 1406 4427 quarumchmwfl

115 4436 248 4518 quidem
263 4458 441 4499 serurarum
458 4449 520 4500 tres
534 4436 633 4498 claves
643 4435 778 4498 divorsas
792 4434 873 4496 inter
886 4455 918 4494 se
932 4432 1070 4495 habeant
1084 4431 1260 4493 Vicecustos
1273 4435 1321 4482 etc.

115 4532 148 4582 et
162 4520 225 4585 duo
245 4524 381 4598 Decani;
405 4523 437 4584 in
451 4545 515 4608 qua
529 4522 604 4585 cista
618 4533 777 4605 ponantur
791 4541 897 4582 omnes
911 4517 1113 4603 pecuniarum
1129 4535 1262 4577 summae
1318 4570 1321 4575 .
1363 4530 1366 4535 '
1396 4524 1406 4563 t

116 4605 199 4671 ultra
213 4608 371 4682 annuales,
386 4609 605 4694 septimanales
617 4616 649 4671 et
660 4607 865 4691 quotidianas,
882 4625 1038 4691 expensas,
1054 4600 1244 4667 reservandae
1252 4622 1263 4678 ;
1338 4632 1343 4641 ·
