3014 4898
324 229 459 297 Statutes
472 234 511 316 <ff
519 232 578 295 All
593 230 686 298 Soots
705 231 830 316 Callope,
853 229 982 314 Oaford.
1190 230 1230 294 21

77 403 235 484 praesentis
250 405 344 466 nostri
359 405 469 466 statuti
483 403 597 488 vigore,
608 404 747 488 privatos
761 404 823 466 tore
839 402 1044 478 decernimus,
1056 404 1121 488 ipso
1131 405 1231 481 fact03

75 499 259 571 potestatem
275 490 402 574 plenam
416 513 473 574 pro
488 501 560 552 tunc
575 490 739 574 supplendi
752 489 949 552 deficientem
966 512 1131 552 numerum
1148 497 1230 573 prae'·

75 574 204 647 dictum,
220 577 250 638 in
264 598 447 659 quacunque
464 576 557 641 tuerit
572 577 732 648 facultate,
745 575 994 661 Archiepiscopo
1006 575 1228 640 Cantuariensi

75 661 128 741 qui
151 675 297 744 protunc
320 663 424 734 fuerit,
443 663 520 725 infra
543 685 676 748 regnum
701 661 827 747 Angliae
850 664 1007 745 praesenti,
1032 663 1177 745 alioquin,
1202 664 1227 725 si

76 748 184 810 absens
206 764 291 810 extra
306 770 434 833 regnum
454 748 554 826 luerit,
571 749 690 811 vicario
705 747 772 830 ejus
787 749 821 811 in
839 748 1056 832 spiritualibus
1080 749 1226 833 generali,

74 832 150 895 sede
170 833 282 917 plena3
308 836 379 896 sede
396 856 466 897 vero
491 846 628 913 vacante,
645 834 744 897 Priori
764 834 902 914 ecclesia
921 835 1041 898 Christi
1058 835 1226 898 Cantuari-

75 919 172 991 ensis,
185 933 224 997 et,
239 923 304 1005 ipso
312 920 483 992 deficiente,
493 923 614 983 custodi
624 921 858 1005 spiritualitatis
869 921 1007 1004 ejusdem
1021 943 1077 1003 pro
1086 932 1227 1004 tempore

74 1006 244 1081 existenti3
261 1007 458 1069 solummodo
473 1017 506 1070 et
516 1007 693 1088 specialiter
707 1018 904 1070 reservantes.
950 1006 1000 1070 Ita
1015 1017 1130 1078 tamen,
1141 1009 1224 1090 quod
1241 1026 1390 1077 t'acanctoet

74 1090 115 1152 de
143 1093 241 1176 ipsius
270 1091 490 1157 Universitatis
519 1092 699 1156 Oxoniensis
729 1093 936 1164 scholaribus,
971 1092 1023 1175 qui
1054 1097 1224 1157 secundum
1237 1090 1388 1181 besupplie'd

72 1177 238 1259 qualitates
259 1193 289 1240 et
310 1179 500 1243 conditiones
519 1180 662 1262 superius
683 1189 717 1242 et
738 1180 865 1242 inferius
888 1179 1057 1263 descriptas
1073 1181 1224 1258 maxime,
1236 1156 1390 1270 {2⁰3¹}ssle

71 1265 176 1344 quoad
191 1278 252 1328 tres
266 1288 363 1328 annos
377 1267 407 1328 in
425 1266 611 1328 facultatum
626 1267 725 1328 altera
740 1266 959 1348 praedictarum
973 1264 1096 1327 habiles
1112 1267 1225 1330 luerint

73 1361 105 1412 et
134 1352 245 1426 idonei,
273 1346 359 1415 ¹idern
397 1351 669 1436 Archiepiscopus,
704 1350 770 1434 ejus
803 1352 935 1414 vicarius
967 1363 1021 1414 aut
1052 1352 1141 1414 Prior
1176 1354 1223 1415 vel

72 1435 196 1510 Custos,
210 1448 248 1500 ut
262 1438 432 1521 prafertur,
448 1439 644 1502 deficientem
661 1460 823 1509 numerum
846 1459 902 1521 pro
918 1449 1002 1509 tunc,
1016 1460 1110 1520 quam
1126 1439 1222 1503 citius

72 1524 198 1606 poterit,
211 1524 364 1607 suppleat.
412 1525 464 1597 Et,
477 1546 514 1586 ne
537 1546 671 1611 praesens
694 1524 852 1587 ordinatio
867 1535 970 1587 nostra
989 1545 1078 1587 cassa
1097 1526 1220 1598 existat,
1235 1532 1340 1606 Warden
1352 1539 1390 1610 tor

73 1607 214 1672 volumus
239 1610 322 1693 quod
347 1611 463 1674 Custos
487 1633 539 1674 seu
565 1612 597 1673 in
620 1608 687 1692 ejus
710 1611 849 1674 absentia
874 1609 1052 1674 Vicecustos
1082 1597 1390 1710 Collegiilfflffi'

72 1696 249 1768 memorati,
273 1696 307 1758 in
333 1697 398 1760 vim
416 1695 590 1780 juramenti
614 1719 670 1780 per
693 1719 765 1759 cum
789 1697 823 1759 in
846 1697 1057 1780 assumptione
1080 1695 1219 1780 ejusdem
1233 1697 1325 1790 bishop.

71 1779 169 1844 officii
184 1782 329 1866 prestiti,
359 1784 466 1866 ipsum
497 1783 798 1866 Archiepiscopum,
832 1782 914 1846 infra
943 1781 1123 1866 quindecim
1155 1785 1222 1847 dies

70 1878 144 1950 post
169 1869 268 1932 dictos
293 1880 352 1931 tres
377 1870 447 1933 dies
470 1869 598 1954 elapsos
621 1869 806 1932 immediate
834 1881 1003 1951 sequentes,
1033 1869 1221 1934 vicariumvc

70 1950 148 2036 ejus,
172 1977 224 2017 seu
244 1955 385 2018 Priorem
409 1966 463 2019 aut
481 1955 649 2020 Custodem
674 1956 903 2039 supradictum,
925 1978 1022 2039 quam
1041 1956 1104 2018 cito
1118 1957 1220 2020 lacere

69 2040 234 2103 commode
251 2043 375 2125 poterit,
390 2042 428 2105 de
442 2053 472 2105 et
487 2065 581 2127 supra
605 2064 734 2107 numero
757 2042 804 2106 sic
824 2040 983 2105 deficiente
1004 2043 1061 2105 sub
1077 2045 1220 2127 expensis

70 2123 214 2213 Collegii
230 2128 403 2191 certificare
418 2149 479 2190 non
494 2129 626 2192 omittat.
670 2128 763 2201 Quod
777 2128 805 2191 si
821 2129 943 2192 omnino
955 2148 1017 2192 non
1032 2129 1145 2202 fecerit,
1159 2130 1217 2192 im-

69 2212 250 2358 pedimento
265 2227 403 2276 cessante
418 2215 571 2301 legitimo,
587 2213 670 2277 dicto
685 2215 787 2276 officio
804 2236 860 2276 suo
875 2236 910 2277 eo
922 2215 994 2298 ipso
1010 2215 1051 2276 sit
1067 2215 1217 2299 privatus.
1232 2240 1233 2243 ¹

88 2317 210 2380 nsuper,
233 2321 307 2360 cum
330 2302 504 2363 secundum
519 2298 715 2384 Apostolum
730 2312 893 2362 teneamur
916 2302 1034 2363 bonum
1054 2302 1154 2363 tacere
1177 2303 1218 2364 ad
1230 2300 1390 2387 Preterertpet

68 2402 184 2454 omnes,
199 2383 335 2448 maxime
349 2397 456 2450 autem
479 2386 518 2451 ad
538 2386 721 2449 domesticos
741 2386 827 2462 fidei,
846 2387 1019 2460 statuimus,
1034 2386 1218 2450 ordinamus
1230 2364 1389 2415 F⁰¹¹¹¹d⁰⁸¹¹

67 2481 101 2529 et
129 2469 284 2544 volumus,
313 2473 395 2554 quod
425 2472 459 2535 in
488 2473 574 2535 omni
601 2470 746 2536 electione
775 2471 963 2536 scholarium
995 2472 1218 2555 praedictorum

68 2553 180 2617 suturis
202 2557 395 2640 temporibus
417 2559 447 2620 in
469 2557 591 2621 dictum
617 2557 798 2644 Collegium
822 2558 974 2629 facienda,
998 2558 1219 2642 principaliter

65 2652 96 2703 et
113 2653 183 2704 ante
197 2664 302 2705 omnes
316 2643 408 2716 alios,
424 2643 476 2707 illi
489 2643 543 2728 qui
557 2654 630 2706 sunt
639 2642 688 2706 vel
702 2656 792 2708 erunt
807 2644 846 2706 de
862 2644 1130 2729 consanguinitate
1144 2668 1218 2708 mea

67 2737 97 2788 et
112 2749 232 2814 genere,
248 2730 273 2791 si
289 2730 346 2814 qui
359 2731 440 2795 tales
453 2730 524 2808 sint,
540 2731 720 2813 ubicunque
741 2731 855 2796 luerint
872 2730 1007 2812 oriundi,
1022 2730 1100 2794 dum
1115 2744 1218 2795 tamen

64 2812 128 2876 sint
152 2816 269 2898 reperti
291 2816 410 2881 habiles
435 2824 467 2880 et
491 2817 591 2880 idonei
604 2817 776 2879 secundum
801 2816 996 2880 conditiones
1017 2818 1162 2900 superius
1186 2829 1217 2879 et

66 2897 194 2963 interius
210 2902 361 2974 recitatas,
378 2902 442 2965 sine
463 2901 569 2986 aliquo
593 2903 787 2986 probationis
811 2913 961 2985 tempore,
976 2903 1010 2965 in
1033 2926 1121 2967 veros
1137 2904 1217 2967 dicti

66 2984 204 3072 Collegii
221 2989 330 3052 Socios
348 2989 386 3052 ab
402 2989 495 3052 initio
510 2990 679 3074 eligantur,
696 2999 727 3052 et
742 2989 839 3052 etiam
855 2990 1079 3052 admittantur:
1102 2991 1216 3074 quibus
1228 3001 1264 3050 Or
1274 3001 1390 3052 nativus

65 3069 292 3147 deficientibus,
309 3087 383 3138 tunc
398 3075 450 3138 illi
465 3076 602 3159 quisunt
619 3074 665 3136 vel
680 3087 769 3138 erunt
785 3076 823 3138 de
837 3075 916 3138 locis
931 3075 981 3140 vel
1001 3076 1163 3159 parochiis
1179 3077 1212 3138 in
1227 3065 1390 3182 filaffil'hm

65 3158 180 3239 quibus
203 3161 412 3243 possessiones
436 3173 468 3223 et
492 3183 540 3224 res
564 3161 739 3245 spirituales
760 3161 823 3224 sive
842 3162 1028 3246 temporales
1050 3164 1121 3225 dicti
1138 3162 1213 3227 Col·
1226 3146 1295 3242 holds
1306 3148 1390 3260 prissn

65 3240 144 3328 legii
160 3247 332 3310 consistunt
357 3246 398 3324 (si
417 3245 510 3330 juxta
524 3247 717 3311 conditiones
732 3248 900 3330 praedictas
915 3247 1038 3312 habiles
1053 3249 1130 3328 sint)
1148 3272 1214 3332 prae

64 3331 188 3392 caeteris
211 3331 378 3417 eligantur.
423 3331 517 3404 Quod
534 3332 563 3394 si
579 3333 658 3394 tales
682 3332 818 3394 indicta
835 3330 1058 3412 Universitate‚
1074 3345 1214 3417 tempora

63 3413 227 3478 electionis
244 3415 427 3500 hujusmodi
444 3418 575 3480 Oxoniae
589 3417 762 3486 celebratae,
776 3419 909 3480 minime
924 3420 1041 3502 reperti
1053 3419 1126 3496 sint,
1140 3433 1214 3483 tunc

37 3512 39 3517 '
64 3501 271 3583 pauperiores
293 3515 324 3565 et
339 3503 563 3590 indigentiores
577 3503 744 3577 scholares,
767 3504 884 3574 clerici,
899 3504 933 3565 in
949 3504 1035 3567 dicta
1049 3502 1213 3569 Universi·

63 3595 128 3647 tate
154 3588 323 3666 studentes,
348 3587 405 3651 hoc
431 3589 539 3652 ordine
565 3592 789 3672 praeferantur3
813 3589 973 3663 videlicet,
1000 3612 1067 3673 prae
1093 3591 1213 3655 caeteris

63 3670 187 3735 oriundi
199 3674 238 3735 de
248 3674 383 3739 dioecesi
393 3675 623 3747 Cantuariensi,
634 3698 670 3738 ac
683 3677 794 3739 deinde
809 3676 948 3741 seriatim
959 3677 999 3738 de
1012 3677 1214 3741 comitatibus

63 3758 162 3835 Oxon,
191 3760 310 3824 Sussox
336 3772 367 3823 et
393 3760 426 3824 N
430 3763 642 3846 orthampton,
666 3763 865 3849 Buhygham,
891 3763 1057 3835 Bedtorde,
1072 3763 1212 3826 Middle·

62 3865 127 3915 sex,
156 3845 264 3932 Surry,
297 3847 407 3919 Barks,
437 3848 552 3926 Wilts,
573 3848 700 3920 Dorset,
731 3851 894 3919 Somerset,
917 3861 947 3911 et
968 3849 1014 3910 sic
1030 3850 1069 3912 de
1094 3851 1390 3919 caeterisoruonctc

61 3931 264 3997 comitatibus
279 3934 361 3996 infra
372 3945 508 3997 nostram
526 3935 766 3998 Cantuariensis
781 3934 987 4019 provinciam,
1004 3936 1095 4015 (dum
1106 3944 1211 3999 tamen
1224 3922 1270 3994 tau
1282 3921 1310 3968 ⁰s
1322 3922 1390 3971 ⁰¹s⁰³

62 4016 97 4079 iu
126 4020 333 4103 grammatica
366 4019 567 4095 sufficienter,
600 4033 631 4083 et
660 4020 693 4083 in
722 4034 816 4084 cantu
845 4030 882 4082 ut
910 4022 1094 4104 praedicitur
1127 3985 1390 4100 com-iijssrgglfftlei

62 4116 212 4187 petenter,
226 4107 345 4169 eruditi
360 4108 429 4180 sint,
446 4120 485 4180 et,
500 4109 673 4170 secundum
697 4108 865 4191 qualitates
890 4121 918 4169 et
942 4108 1137 4169 conditiones
1159 4130 1208 4170 su·

62 4189 169 4272 petius
191 4202 222 4254 et
247 4193 379 4255 int'erius
400 4193 554 4264 recitatas,
568 4193 687 4255 habiles
711 4205 741 4255 et
763 4193 870 4255 idonei
895 4194 1012 4276 reperti
1036 4207 1066 4255 et
1086 4195 1211 4277 probati

61 4276 188 4357 fuerint)
205 4277 245 4340 ad
260 4278 383 4342 dictum
398 4278 578 4366 Collegium
601 4279 754 4363 eligantur·
774 4292 805 4342 et
828 4281 925 4341 etiam
951 4292 1151 4342 assumantur
1166 4292 1211 4343 tot

60 4369 138 4443 quot
152 4364 298 4446 supplere
314 4377 453 4447 poterunt
470 4365 666 4428 deficientem
682 4389 845 4428 numerum
859 4367 1085 4450 supradictum.
1124 4366 1211 4439 Quos
1224 4381 1287 4428 Year
1297 4381 1351 4447 otp

61 4466 166 4509 omnes
190 4448 237 4509 sic
268 4452 384 4512 electos
410 4475 463 4513 seu
492 4461 679 4537 assumptos,
707 4453 757 4514 his
786 4453 841 4535 qui
866 4453 905 4514 de
931 4466 1033 4516 nostro
1060 4445 1351 4562 salguissessl‘ssssff
