3014 4898
266 218 309 284 32
511 218 647 285 &mutes
660 225 699 306 of
710 219 768 285 All
783 219 874 286 Souis
893 218 1019 303 Colleqc,
1041 219 1170 305 Orford.

265 391 398 470 niantnr‚
415 391 583 478 diligenter
597 393 713 456 instare
724 393 816 477 juxta
832 415 924 477 posse
942 392 1073 455 debeant
1087 404 1116 454 et
1131 393 1228 455 etiam
1247 400 1430 456 teneantur.

59 476 238 552 ttegutattonot
264 477 483 562 Volumusque
503 480 586 564 quod
611 480 762 543 Decanus
786 482 967 542 artistarum
990 478 1125 562 singulis
1149 479 1431 563 disputationibus

59 541 219 606 mmmm·
268 563 469 637 Artistatum,
501 566 649 628 Decanus
679 588 753 630 vero
777 566 965 649 juristarum
996 565 1127 648 singulis
1152 566 1429 650 disputationibus

262 649 458 732 juristarum,
477 675 494 713 a
510 653 668 737 principio
683 654 833 716 interesse
849 663 879 715 et
894 673 995 735 usque
1010 652 1044 712 in
1068 651 1173 725 finem,
1189 652 1429 732 impedimento

266 751 409 799 cessante
435 739 588 822 legitimo,
611 751 784 822 expectare,
805 751 835 800 et
858 761 912 800 eas
938 737 1092 822 regulare,
1116 738 1248 800 debeant
1269 749 1300 799 et
1323 738 1427 802 etiam

59 828 125 905 ouh,
136 844 167 877 on
178 829 221 878 ad·
265 833 429 889 teneantur.
477 826 519 887 Et
534 826 574 885 ad
592 825 766 907 praemissa,
784 826 891 888 omnia
907 835 938 885 et
953 823 1092 906 singula,
1107 839 1257 906 quantum
1275 823 1315 886 ad
1332 824 1427 908 ipsos

59 909 160 943 ΝΜ
236 958 239 963 .
266 911 412 993 pertinet,
437 911 512 973 bene
541 921 571 972 et
597 911 732 973 fideliter
756 924 786 974 et
816 911 987 995 diligenter
1010 910 1163 988 facienda,
1191 911 1368 972 exercenda
1393 922 1426 974 et

266 997 362 1058 etiam
379 997 583 1075 observanda,
601 996 724 1059 Decani
740 998 893 1083 praedicti,
910 997 1019 1057 statim
1044 1008 1117 1078 post
1141 997 1281 1079 ipsorum
1305 997 1424 1059 admis-

267 1082 389 1144 sionem
415 1083 455 1144 ad
480 1081 618 1144 officium
643 1085 869 1167 supradictum,
886 1084 977 1146 tactis
996 1083 1202 1143 sacrosanctis
1225 1082 1423 1165 Evangeliis,

266 1179 416 1251 praestent
430 1168 631 1250 corporaliter
639 1169 865 1251 juramentum,
876 1169 904 1230 in
918 1169 1080 1252 prasentia
1096 1169 1240 1229 omnium
1256 1167 1424 1231 Sociorum

268 1255 346 1316 dicti
369 1254 508 1339 Collegii
534 1266 610 1315 tunc
637 1257 849 1338 praesentium,
880 1257 929 1316 vel
960 1253 1090 1336 majoris
1115 1255 1213 1337 partis
1243 1254 1425 1327 eorundem,

268 1340 396 1422 praesato
410 1341 549 1403 Custode
565 1341 619 1419 vel,
636 1344 666 1404 in
689 1343 793 1426 ipsius
810 1342 959 1414 absentia,
972 1339 1194 1414 Vicecustode,
1207 1339 1423 1423 juramentum

59 1429 222 1506 Stipendand
268 1424 449 1507 hujusmodi
468 1427 624 1510 exigente.
672 1428 712 1488 Et
736 1427 912 1513 quemlibet
936 1430 1076 1510 ipsorum
1101 1426 1300 1490 Decanorum
1319 1449 1423 1490 annu·

59 1496 164 1606 cgration
176 1494 204 1542 ⁰f
266 1513 345 1573 atim
362 1513 477 1596 viginti
493 1536 548 1574 sex
568 1514 682 1576 solidos
708 1526 736 1576 et
760 1526 830 1576 octo
853 1512 996 1575 denarios
1020 1512 1162 1576 volumus
1180 1513 1346 1597 percipere,
1364 1536 1423 1597 pro

59 1575 70 1608 ⁰
96 1574 129 1607 ω’
268 1598 374 1660 labore
404 1610 433 1661 et
462 1600 626 1682 stipendio,
651 1600 689 1662 de
720 1602 810 1662 bonis
841 1598 1062 1662 communibus
1090 1596 1229 1685 Collegii
1254 1600 1422 1682 praedicti;

267 1685 348 1746 ultra
363 1707 400 1747 ea
415 1707 485 1768 quae
503 1687 646 1768 ipsorum
671 1686 804 1767 quilibet
825 1685 863 1748 de
883 1686 992 1748 eodem
1014 1685 1075 1746 erit
1097 1685 1176 1747 alias
1197 1698 1421 1768 percepturus:

229 1830 232 1835 .
268 1771 406 1852 ipsorum
423 1771 616 1854 singulomm
636 1773 739 1835 officio
760 1772 843 1834 ultra
860 1794 959 1834 unum
982 1792 1094 1833 annum
1118 1773 1247 1834 minime
1261 1771 1421 1838 duraturo.

268 1857 372 1929 Quam
402 1858 530 1941 quidem
560 1857 719 1920 electionis
751 1859 893 1932 sormam,
920 1856 1044 1942 quoties
1080 1857 1204 1941 aliquos
1240 1855 1423 1939 hujusmodi

269 1942 416 2005 Decanos
428 1966 524 2006 unum
538 1943 589 2006 vel
605 1945 711 2026 plures
723 1944 801 2030 eligi
816 1943 994 2030 contigerit,
1010 1944 1155 2006 volumus
1171 1943 1339 2007 observari.

309 2151 389 2237 Cap.
405 2153 535 2217 n-De
549 2155 659 2217 mensis
675 2153 842 2226 Sociorum,
858 2163 886 2215 ct
898 2154 1082 2217 scholarium
1098 2164 1127 2217 et
1139 2157 1383 2240 capellanorum

566 2252 594 2304 ct
608 2243 740 2325 qualiter
753 2240 798 2303 ad
809 2262 860 2303 aas
874 2241 973 2303 sedere
985 2242 1115 2304 debcant.

59 2377 255 2440 Ordaotptaees
312 2372 404 2446 Item,
428 2376 606 2454 statuimus,
630 2376 816 2438 ordinamus
839 2381 872 2437 et
899 2375 1053 2446 volumus,
1080 2377 1163 2460 quod
1187 2375 1228 2437 ad
1252 2376 1420 2460 capitalem

59 2443 162 2492 *mil*
269 2483 323 2524 seu
338 2461 549 2544 principalem
564 2485 703 2526 mensam
728 2464 808 2525 aulae
831 2459 969 2545 Collegii
992 2462 1135 2545 praedicti
1158 2462 1286 2523 sedeant
1301 2463 1421 2544 princi-

269 2546 380 2628 paliter
405 2549 532 2624 Custos,
547 2548 742 2621 Vicecustos,
766 2571 803 2610 ac
826 2557 897 2631 post
917 2548 1003 2631 ipsos
1026 2547 1163 2628 proximi
1194 2546 1228 2607 in
1257 2546 1419 2632 theologia

269 2632 419 2716 Magistri
431 2655 439 2705 ;
461 2633 584 2706 deinde,
594 2632 746 2695 Doctores
756 2632 839 2715 juris
852 2634 1016 2709 canonici3
1031 2655 1067 2695 ac
1080 2631 1202 2710 deinde,
1217 2631 1367 2694 Doctores
1382 2635 1419 2696 in

265 2716 334 2800 jure
349 2717 448 2791 civili,
462 2718 582 2802 singuli
597 2718 790 2803 singularum
805 2718 985 2782 facultatum
1001 2719 1230 2805 praedictarum,
1247 2719 1417 2782 secundum

269 2803 352 2887 quod
367 2805 502 2865 seniores
516 2803 629 2866 fuerint
646 2805 679 2867 in
698 2803 841 2891 Collegio
863 2817 1043 2869 memorato.
1088 2805 1253 2889 Quodque,
1268 2805 1297 2866 si
1312 2805 1419 2868 nullus

268 2887 451 2971 hujusmodi
467 2890 500 2951 in
515 2889 676 2972 theologia
692 2891 860 2977 Magister,
877 2903 931 2954 aut
948 2893 978 2953 in
1000 2890 1072 2974 jure
1090 2893 1235 2954 canonico
1258 2891 1305 2953 vel
1328 2892 1419 2955 civili

269 2974 400 3053 Doctor‚
415 2976 506 3037 fuerit
520 2976 554 3037 in
578 2977 726 3062 Collegio
748 2979 906 3061 praedicto,
926 2991 1000 3040 tunc
1025 2977 1168 3040 volumus
1194 2978 1279 3061 quod
1302 2977 1418 3042 Custos

268 3062 329 3134 vel,
353 3062 427 3144 ipso
452 3063 589 3142 absente,
609 3061 806 3137 Vicecustos,
827 3064 860 3126 in
888 3063 975 3126 omni
996 3064 1170 3142 relectione,
1194 3065 1257 3127 sibi
1283 3076 1419 3126 assumat

268 3148 508 3210 baccalaureum
528 3149 560 3210 in
583 3149 754 3233 theologia,
769 3172 869 3212 unum
892 3149 1096 3212 Decanorum
1120 3150 1170 3212 vel
1196 3150 1419 3222 bursariorum,

269 3246 437 3298 autunum
462 3235 563 3297 alium
592 3235 785 3321 Magistrum
810 3236 938 3299 Artium
962 3236 1012 3299 vel
1032 3236 1065 3297 in
1083 3234 1152 3319 jure
1166 3235 1417 3314 baccalaureum,

268 3321 325 3404 qui
349 3342 455 3383 secum
479 3321 510 3384 in
533 3344 640 3386 mensa
662 3321 767 3386 sedeat
789 3323 983 3406 supradicta.
1030 3319 1069 3384 ln
1090 3323 1205 3386 mensis
1228 3344 1301 3384 vero
1322 3321 1418 3384 colla·

268 3408 430 3482 teralibus,
456 3431 494 3470 ex
516 3420 646 3491 utraque
669 3420 757 3491 parte
783 3410 874 3487 aulae,
900 3410 1038 3479 sedeant,
1059 3421 1134 3492 post
1156 3409 1277 3495 gratias
1304 3408 1345 3471 ab
1370 3409 1418 3470 eis

268 3506 339 3555 ante
353 3517 475 3556 mensas
499 3495 657 3558 stantibus
672 3495 788 3568 dictas,
812 3496 914 3580 primo
943 3508 974 3556 et
999 3495 1221 3579 principaliter
1240 3495 1299 3557 alii
1322 3495 1420 3563 Socii,

267 3580 384 3643 deinde
413 3579 565 3643 scholares
595 3582 782 3666 graduatim,
813 3580 1023 3664 cujuscunque
1058 3580 1198 3642 scientiae
1228 3582 1343 3643 luerint
1370 3580 1418 3640 vel

268 3666 440 3744 facultatis,
458 3676 535 3729 tunc
558 3667 591 3728 in
615 3666 688 3728 aula
709 3679 898 3751 praesentes3
929 3687 1059 3743 necnon,
1075 3676 1145 3747 post
1161 3688 1224 3743 eos,
1242 3665 1418 3728 sacerdotes

269 3750 414 3833 capellae3
438 3763 469 3814 et
483 3752 593 3815 deinde
608 3753 666 3815 alii
683 3753 773 3816 Socii
790 3752 928 3836 ejusdem
944 3751 1084 3834 Collegii
1099 3771 1160 3811 non
1176 3749 1330 3832 graduati‚
1345 3758 1418 3808 tunc

268 3849 448 3918 praesentes.
502 3838 596 3912 Quod
623 3841 650 3901 si
673 3839 754 3901 alios
779 3839 900 3909 Socios,
914 3838 950 3898 in
978 3852 1120 3918 tempore
1140 3834 1316 3917 gratiarum
1341 3833 1417 3894 dum

268 3920 417 3982 dicuntur
439 3944 498 3986 non
528 3937 707 4006 praesentes,
736 3937 853 4007 postea,
880 3922 955 3985 aliis
985 3923 1017 3983 in
1043 3919 1111 3982 suis
1138 3919 1217 3980 locis
1244 3918 1417 3990 collocatis,

269 4008 471 4089 supervenire
502 4011 680 4095 contigerit,
706 4010 793 4091 ipsos
823 4008 931 4071 sedere
961 4007 1105 4068 volumus
1135 4003 1308 4066 secundum
1334 4004 1419 4090 quod

216 4164 219 4168 ,
268 4091 417 4172 venerint,
434 4096 555 4178 absque
578 4096 797 4158 vendicatione
820 4091 995 4175 superioris
1020 4101 1074 4152 aut
1096 4090 1236 4173 propria
1259 4091 1310 4153 vel
1337 4104 1418 4153 ante·

269 4177 362 4240 rioris
388 4181 472 4243 sedis
502 4182 549 4243 vel
578 4182 641 4243 loci
671 4178 892 4264 cujuscunque,
922 4190 953 4238 et
989 4177 1104 4261 absque
1139 4177 1341 4240 festinatione
1370 4177 1420 4241 vel

269 4263 404 4327 tumultu
435 4288 490 4348 per
517 4268 656 4351 ipsomm
686 4265 825 4348 aliquem
854 4263 1007 4330 faciendo.
1067 4261 1231 4326 Scholarcs
1259 4288 1331 4328 vero
1360 4287 1420 4328 non

270 4351 437 4438 graduatos
469 4353 563 4414 simul
590 4351 697 4415 sedere
726 4351 878 4427 volumus,
907 4362 977 4434 post
1006 4351 1103 4416 dictos
1131 4351 1237 4414 Socios
1263 4374 1324 4415 non
1349 4375 1420 4437 gra-

270 4439 392 4514 duatos,
419 4437 452 4499 in
476 4438 542 4499 alia
564 4438 683 4511 tabula,
710 4459 807 4521 quam
833 4461 889 4524 pro
913 4438 972 4514 eis,
995 4439 1030 4502 in
1052 4439 1158 4502 medio
1185 4439 1265 4502 aulae
1290 4440 1420 4502 lecimus
