3014 4898
210 212 252 280 rr
559 204 1017 293 nrrsnooonqtoefnn.

218 439 383 504 Ordinatio
417 438 571 503 Iohannis
607 434 765 521 stafforde
795 433 1034 519 Oontuoriensis¹
1058 433 1299 518 Arcltiepiseopi,
1332 434 1371 496 de

264 528 402 590 electione
425 525 634 593 Vicecustodis‚
651 523 878 586 Bursariorum
892 532 921 585 et
937 523 1158 593 Deeonorarn3
1184 517 1311 602 [1445.]

257 657 426 732 Johannes,
448 654 653 741 permissione
678 654 802 732 divina,
827 652 1064 719 cantuariensis
1086 651 1370 737 Arcbiepiscopus,

214 743 309 806 totins
324 743 450 828 Angliae
468 742 605 816 Primae,
621 738 746 802 dilectis
761 739 796 801 in
814 738 942 802 Christo
955 738 1041 811 filiis,
1057 737 1202 811 Custodi,
1221 737 1321 801 Sociis
1337 752 1369 801 et

215 828 412 901 scholaribus,
424 826 566 914 Collegii
579 826 677 889 nostri
687 824 879 888 Animarum
891 825 1046 890 Omnium
1056 823 1216 887 Fidelinm
1227 824 1368 887 Defunc-

217 927 321 977 torum
344 913 378 975 in
399 912 537 987 Oxonia,
552 912 697 984 salutem,
713 911 849 996 gratiam
869 918 902 973 et
918 909 1172 974 benedictionem.
1220 910 1303 976 Cum
1329 933 1369 972 ex

217 999 416 1078 fundatione,
430 1020 548 1061 necnon
572 1020 611 1059 ex
635 996 759 1059 statutis
782 1009 811 1059 et
834 995 1085 1058 ordinationibus
1109 993 1250 1081 Collegii
1273 996 1368 1060 nostri

219 1086 375 1156 antedicti,
390 1095 578 1147 statutorum
592 1082 701 1160 editio,
717 1082 885 1144 declaratio
906 1092 937 1142 et
957 1082 1172 1166 interpretatio
1187 1082 1369 1156 eorundem,

220 1172 261 1234 ad
291 1193 347 1232 nos
374 1183 402 1231 et
430 1191 616 1233 successores
650 1179 780 1247 nostros,
811 1165 1054 1230 cantuarienses
1086 1167 1371 1252 Archiepiscopos,

219 1258 418 1318 dinoscantur
431 1255 550 1318 rrotorie
561 1252 734 1338 pertinere3
756 1276 890 1336 cumque
903 1251 1131 1325 Vicecustodis‚
1149 1252 1370 1316 Bursariorum

220 1355 250 1404 rt
291 1343 505 1419 Decanorum,
535 1340 638 1402 officio
672 1339 748 1403 dicti
786 1338 929 1421 collegii,
960 1353 1032 1401 ante
1060 1350 1186 1421 tempus
1214 1339 1248 1400 in
1277 1338 1372 1401 dictis

221 1426 346 1490 statutis
369 1426 549 1496 limitatum,
575 1447 688 1487 vacare
714 1425 915 1510 contigerint,
942 1426 1097 1507 quomodo
1121 1425 1160 1486 ad
1185 1425 1372 1488 electionem

222 1513 392 1575 eorundem
417 1513 547 1596 procedi
572 1512 700 1588 debeat3
724 1532 844 1573 necnon
869 1511 896 1572 si
918 1511 1078 1573 electionis
1092 1511 1261 1572 eorundem
1276 1509 1372 1575 Vice-

224 1599 371 1673 custodis‚
389 1598 608 1661 Bursariorum
621 1610 651 1659 et
671 1597 883 1667 Decanorum,
897 1597 1071 1659 secundum
1087 1600 1218 1658 l'ormam
1240 1608 1371 1660 statuto·

222 1706 294 1749 rum
310 1695 340 1747 et
355 1683 586 1747 ordinationum
597 1683 816 1768 praedictorum
826 1705 1023 1765 nequaquam
1034 1681 1203 1768 contigerit
1212 1681 1373 1755 celebrari,

223 1770 263 1832 da
278 1792 386 1833 eorum
400 1769 613 1854 assumptione
634 1791 689 1831 seu
704 1768 921 1852 praelectione3
945 1768 978 1829 in
995 1768 1112 1831 eisdem
1128 1768 1252 1831 statutis
1273 1768 1374 1831 nulla-

224 1871 313 1918 tenus
335 1856 374 1918 sit
397 1855 571 1940 provisum.
624 1852 720 1919 Unde
744 1875 809 1926 nos,
833 1853 967 1917 volentes
991 1855 1021 1914 in
1045 1854 1221 1936 praemissis
1244 1866 1375 1936 paterna

224 1941 431 2015 solicitudine,
457 1956 488 2003 nt
513 1954 665 2010 tenemur,
682 1941 720 2003 de
734 1953 911 2023 opportuno
935 1939 1071 2001 remedio
1093 1939 1269 2022 providere,
1285 1939 1374 2002 volu·

226 2042 308 2105 mus,
335 2026 513 2097 statuimus,
538 2037 568 2087 et
593 2042 651 2110 pro
677 2027 782 2087 tuturo
805 2025 838 2086 in
864 2037 1054 2109 perpetuum
1078 2025 1272 2096 ordinamus,
1288 2025 1374 2110 quod

224 2112 474 2196 quandocunque
499 2111 656 2173 dictorum
677 2110 908 2190 Vicecustodis‚
925 2110 1148 2173 Bursariorum
1164 2111 1214 2174 vel
1229 2111 1374 2175 Decano-

224 2219 307 2277 rum,
322 2197 427 2260 officia
442 2208 511 2260 ante
522 2208 646 2280 tempus
658 2196 691 2258 in
705 2196 799 2258 dictis
809 2195 937 2259 statutis
951 2196 1136 2275 limitatum,
1151 2220 1264 2260 vacare
1276 2197 1374 2259 conti-

226 2284 336 2369 gerint,
349 2284 433 2368 quod
449 2297 529 2361 tunc,
544 2282 626 2345 inira
640 2282 737 2345 trium
752 2281 877 2345 dierum
893 2282 1029 2366 spatium
1045 2283 1190 2367 proxime
1204 2286 1375 2348 futurorum

227 2383 397 2454 atempore
407 2369 501 2432 dictae
512 2368 687 2433 vacationis
700 2368 821 2430 ibidem
836 2367 1019 2452 publicata,
1030 2371 1068 2430 ad
1084 2369 1266 2432 electionem
1278 2368 1376 2432 dicto·

227 2476 297 2517 rum
331 2455 562 2532 Vicecustodis‚
599 2455 818 2517 Bursariorum
851 2465 881 2516 et
914 2454 1123 2528 Decanorum‚
1164 2454 1377 2538 provideretur

224 2540 364 2603 omnino.
440 2543 482 2604 Et
516 2541 544 2602 si
582 2542 780 2622 prestaturum
815 2540 1043 2612 Vicecustodis‚
1085 2540 1307 2604 Bursariorum
1345 2551 1377 2602 et

230 2622 440 2696 Decnnorum,
457 2625 507 2686 vel
529 2646 635 2687 eorum
659 2625 799 2703 alterius,
815 2624 1012 2704 electionem,
1028 2626 1108 2688 inira
1130 2639 1192 2688 tres
1214 2627 1282 2689 dies
1305 2637 1377 2710 post

227 2722 352 2793 tempus
372 2710 407 2771 in
429 2711 519 2771 dictis
541 2711 665 2771 statutis
684 2708 868 2784 limitatum,
885 2732 939 2771 seu
959 2711 1116 2774 dictorum
1132 2712 1230 2773 trium
1253 2711 1377 2774 diemm

227 2796 378 2879 spatium,
395 2794 547 2858 celebrari
562 2810 623 2856 non
639 2795 813 2880 contigerit,
829 2795 913 2880 quod
934 2806 1010 2859 tunc
1026 2799 1066 2860 ad
1081 2821 1134 2860 nos
1148 2808 1179 2860 et
1193 2818 1377 2862 successores

229 2892 359 2951 nostros,
374 2879 617 2944 Cantuarienses
631 2880 905 2966 Archiepiscopos‚
923 2883 995 2945 sede
1010 2883 1115 2967 plena,
1131 2885 1201 2967 ipsa
1218 2906 1292 2947 vero
1306 2884 1378 2946 sede

229 2977 357 3029 vacante
372 2966 412 3026 ad
435 2965 578 3028 Priorem
601 2967 739 3029 ecclesiae
759 2981 869 3030 nostrae
886 2966 1130 3039 cantuariensis,
1145 2968 1196 3031 vel
1219 2969 1252 3031 in
1274 2969 1286 3032 i
1312 2969 1379 3031 sius

227 3051 371 3113 'absentia
386 3053 428 3113 ad
442 3051 611 3114 officialem
627 3052 722 3114 curiae
733 3060 844 3116 nostrae
861 3053 1102 3134 Cantuariensis,
1115 3056 1251 3140 ipsorum
1267 2993 1378 3118 elictio

229 3137 380 3221 pertinere
395 3138 497 3200 debet.
544 3137 734 3200 Mandantes
757 3149 913 3221 quatenus
936 3163 991 3203 vos
1016 3151 1046 3203 et
1069 3163 1261 3205 successores
1284 3140 1379 3203 vestri

231 3222 622 3287 buionostresordinationi
632 3222 769 3306 pareatis
778 3238 808 3286 et
818 3243 945 3308 pareant
955 3249 1028 3290 cum
1038 3228 1159 3291 effectu.
1197 3227 1380 3311 lnquorum

229 3309 372 3371 omnium
382 3321 412 3371 et
421 3309 617 3396 singulorum
629 3309 851 3395 testimonium,
867 3312 1073 3394 praesentibus
1084 3313 1229 3398 sigillum
1238 3326 1380 3376 nostrum

229 3395 450 3479 apposuimus.
497 3396 616 3459 Datum
642 3396 671 3459 in
696 3397 836 3483 manerio
852 3410 955 3460 nostro
978 3399 1018 3460 de
1043 3397 1208 3469 Lambeth,
1225 3422 1306 3464 nono
1327 3398 1380 3461 die

230 3482 343 3544 mensis
370 3482 567 3561 Decembris,
592 3502 671 3545 anno
697 3482 827 3545 Domini
857 3482 948 3555 1445,
980 3496 1010 3547 et
1033 3497 1144 3547 nostrae
1168 3485 1381 3550 translationis

230 3580 312 3632 anno
326 3568 426 3634 tertio.

577 3701 630 3764 De
643 3701 835 3784 dispositione
848 3724 1047 3768 conaerorum.

276 3822 368 3891 item,
383 3823 560 3894 statuimus,
575 3821 757 3884 ordinamus
771 3837 799 3884 et
821 3823 974 3896 volumus,
990 3827 1075 3910 quod
1097 3826 1229 3974 singulte
1250 3847 1380 3890 camera

231 3906 309 3969 dieti
333 3906 474 3993 Collegii
497 3909 593 3970 nostri
609 3919 641 3970 et
659 3909 764 3970 studia
783 3912 951 3973 earundem
972 3935 1029 3996 per
1043 3913 1142 3977 Custo
1166 3937 1226 3984 em,
1241 3911 1298 3994 qui
1321 3932 1380 3994 pro

231 4007 371 4075 tempore
387 3992 492 4072 fuerit,
509 3993 614 4058 modis
634 4006 663 4056 et
687 3994 926 4077 provisionibus,
942 4000 1065 4081 quoties
1083 3998 1146 4063 sibi
1170 4021 1211 4083 op
1254 4006 1380 4058 rtunum

232 4078 400 4151 videbitur,
423 4078 628 4164 disponantur
653 4091 687 4140 et
714 4080 907 4166 assignentur
933 4084 1151 4170 infrascriptis.
1243 4082 1381 4161 idelicet,

230 4163 327 4249 quod,
341 4176 412 4247 post
425 4187 573 4250 magnam
587 4187 744 4228 canteram
760 4166 793 4228 in
808 4169 925 4253 angulo
939 4170 1091 4235 Orientali
1101 4193 1206 4235 versus
1213 4170 1382 4249 Austrum,

231 4263 261 4313 et
284 4249 462 4350 proximam
486 4251 584 4313 aliam
611 4273 770 4314 cameram
795 4276 833 4315 ex
858 4253 955 4317 altera
980 4267 1069 4338 parte
1098 4255 1278 4330 ascensorii,
1304 4279 1384 4342 quas

231 4358 428 4437 assrgnamus
440 4358 508 4434 'pro
532 4336 668 4400 Custode
687 4339 848 4421 praedicto,
865 4341 947 4423 qnod
968 4355 1037 4404 octo
1063 4343 1217 4429 digniores
1242 4366 1384 4428 personae

231 4421 641 4508 dict1Colleg11,videlicet,
660 4424 815 4486 Doctores
828 4447 922 4488 sacrae
941 4425 1118 4511 theologia,
1130 4432 1214 4512 juris
1231 4430 1385 4494 Canonici
