3014 4898
367 369 504 436 &anm
518 372 557 456 qs
567 369 625 434 All
639 369 731 443 ‚Sada
748 369 878 454 Colleye,
898 367 1029 455 Oasord.
1232 370 1277 433 43

116 537 256 602 liberatae
271 540 440 624 predictae,
457 564 522 605 nna
547 563 622 604 cum
639 540 779 605 Custode
798 541 828 604 si
843 562 982 624 praesens
1004 540 1106 620 luerit,
1122 563 1189 620 seu,
1205 540 1276 626 ipso
1289 543 1434 606 catodyot
1442 562 1469 596 su

115 628 239 687 absente
263 649 319 689 sen
343 627 484 712 legitime
499 628 664 712 impedito,
688 642 764 690 cum
782 626 1114 707 Vicecustode,anuis
1139 608 1434 710 singulisP¹⁰⁸⁰¹⁰lh

115 711 181 772 sint
197 723 380 795 praesentes,
396 726 426 776 et
442 714 527 797 quod
542 714 735 776 remanentia
746 734 923 798 pannorum
936 715 1159 797 praedictorum
1174 736 1276 777 rema·

117 811 206 860 neant
237 799 272 860 in
302 801 447 862 custodia
476 801 690 863 humaniorum
719 800 956 887 praedictorum,
986 823 1043 884 per
1069 800 1275 863 indenturam

115 882 199 945 inter
209 885 335 946 eosdem
346 884 520 949 Custodem
533 909 590 949 seu
602 883 847 950 Vioacustodem
863 899 894 948 et
911 887 1073 950 bursarios
1085 885 1275 953 taciendam.

115 969 282 1050 Praeterea,
304 972 485 1034 inhibemus
499 971 646 1052 Custodi,
660 992 780 1034 necnon
803 973 951 1037 omnihus
965 985 998 1036 et
1020 972 1157 1058 singulis
1171 972 1274 1036 Sociis
1287 987 1326 1036 ot
1335 989 1468 1052 attingat·

116 1057 320 1140 supradictis,
332 1057 390 1142 qui
404 1079 461 1142 pro
472 1071 613 1142 tempore
629 1058 756 1137 luerint,
770 1076 810 1121 ne
824 1080 963 1142 pannum
979 1071 1036 1122 aut
1045 1072 1146 1122 vestes
1160 1056 1273 1141 hujus·
1285 1054 1398 1164 ffi'flins

116 1143 204 1204 modi
233 1143 312 1204 infra
341 1145 509 1207 triennium
538 1145 682 1224 vendant,
712 1145 933 1231 impignorent,
961 1145 1085 1224 donent,
1109 1145 1161 1208 vel
1185 1158 1274 1208 extra
1313 1132 1380 1168 Μ’

116 1226 296 1314 Collegium
322 1231 505 1313 praedictum
529 1231 696 1315 deponant,
712 1231 759 1294 tel
774 1231 890 1315 quovis
914 1232 1107 1295 alienationis
1130 1228 1224 1292 titulo
1238 1231 1273 1294 in

116 1313 215 1376 alium
231 1315 418 1379 transferant
432 1317 651 1402 quovismodo.
686 1317 811 1381 sivero
826 1317 963 1402 aliquem
978 1317 1145 1380 Sociorum
1162 1314 1274 1398 hujus·

116 1401 206 1462 modi
228 1401 311 1464 mori
334 1404 504 1488 contigerit,
522 1405 671 1466 nolumus
695 1405 789 1488 qnod,
804 1426 860 1488 per
883 1403 1007 1488 aliquos
1029 1415 1209 1466 executores
1223 1404 1274 1465 vel

116 1485 266 1549 hortorum
281 1489 549 1554 administratores
562 1489 714 1575 ejusdem,
727 1490 836 1574 aliqua
848 1513 923 1575 pars
939 1490 1079 1554 liberatae
1088 1487 1275 1572 hujusmodi

116 1572 215 1635 alicui
239 1587 381 1638 extraneo
396 1576 545 1638 vendatur
559 1577 778 1660 quovismodo,
793 1577 949 1662 quamdiu
972 1577 1016 1639 sit
1030 1576 1151 1660 *aliquis
1164 1576 1275 1639 Socie-
1286 1593 1398 1655 Penrlty.

117 1681 188 1720 rum
205 1659 250 1720 vel
274 1661 467 1723 scholarium
482 1663 532 1724 vel
555 1662 790 1746 capellanorum
808 1661 953 1746 ejusdem
966 1662 1107 1745 Collegii,
1121 1663 1178 1745 qui
1202 1685 1274 1732 eam

117 1744 195 1806 velit
210 1745 270 1806 suh
285 1747 477 1830 competenti
493 1749 595 1832 pretio
610 1768 804 1833 comparare.
836 1748 875 1813 si
889 1749 1019 1831 quidem
1035 1749 1154 1832 aliquis
1163 1747 1275 1811 Socio-

118 1854 188 1892 rum
212 1831 436 1914 praedictorum
461 1833 632 1917 culpabilis
649 1835 738 1897 luerit
764 1835 800 1897 in
821 1834 1010 1920 praemissis,
1032 1845 1063 1897 et
1087 1855 1185 1916 super
1212 1834 1273 1898 troc

118 1912 263 2002 legitime
278 1918 323 1981 sit
335 1919 508 1999 censionis,
522 1941 597 1983 eum
612 1943 716 1984 carere
731 1922 879 1984 volumus
892 1920 1041 2005 proxima
1051 1920 1198 1984 liberata.

171 2122 252 2208 Cap.
271 2124 463 2204 19.—-Qnod
475 2122 562 2194 aaa
575 2137 603 2192 et
616 2126 765 2194 sabama
777 2129 843 2193 sina
856 2127 978 2194 laenate
991 2143 1051 2191 non
1065 2123 1215 2190 mutan.
1251 2216 1254 2221 Ι

162 2258 255 2334 Item,
276 2262 458 2342 statuimus,
480 2262 666 2327 ordinamus
686 2275 719 2326 et
733 2260 891 2342 volumus,
915 2263 1001 2348 quod
1024 2263 1055 2325 si
1073 2261 1147 2345 quis
1160 2260 1272 2325 Socio-
1284 2279 1453 2344 Otobatning

117 2368 188 2409 rum
218 2361 250 2409 et
279 2347 474 2412 scholarium
497 2350 723 2432 praedictorum
753 2349 796 2412 ab
818 2348 1031 2414 Universitate
1052 2347 1209 2433 praedicta
1231 2343 1438 2410 ffilaeveoteb-

117 2453 303 2517 quacunque
330 2456 429 2497 causa
456 2434 611 2497 devillare
639 2434 783 2513 voluerit,
809 2456 937 2498 causam
965 2455 1056 2496 suam
1086 2431 1271 2532 hujusmodi
1281 2410 1469 2538 ffifffflssffitl

117 2517 262 2596 Custodi,
278 2519 306 2580 si
332 2539 469 2602 praesens
493 2520 599 2599 fuerit,
614 2520 665 2583 vel
680 2520 710 2584 si
736 2520 849 2583 ahsens
870 2521 914 2583 sit
931 2517 1142 2583 Vicecustodr
1156 2530 1188 2580 et
1205 2517 1270 2581 Da·

118 2625 194 2666 cano
224 2603 384 2666 facultatis
409 2628 484 2684 suae,
511 2606 540 2668 si
564 2628 702 2689 praesens
726 2606 832 2685 suerit,
857 2605 947 2689 prius
970 2604 1134 2678 eamden
1156 2614 1271 2668 extum

117 2689 288 2752 devillandi
305 2701 336 2752 et
351 2692 572 2774 proficiscendi
586 2705 673 2776 petat
694 2690 857 2756 licentiam
871 2692 910 2754 ah
925 2690 1064 2754 eisdem:
1084 2700 1117 2752 et
1129 2689 1271 2754 nolentes

117 2775 211 2859 quod,
236 2775 271 2837 in
296 2776 424 2840 licentia
447 2775 632 2860 hujusmodi
657 2778 764 2842 Sociis
778 2774 828 2840 vel
852 2775 1052 2841 scholaribus
1066 2774 1148 2838 hanc
1163 2786 1272 2859 petan-

117 2863 203 2925 tibus
227 2862 434 2944 concedenda,
460 2864 538 2927 dicti
561 2863 680 2929 Custos
705 2887 761 2929 seu
786 2862 976 2928 Vioecustos
996 2861 1046 2926 vel
1071 2862 1222 2926 Decanus
1237 2883 1273 2925 sc

119 2949 251 3011 reddant
276 2949 372 3012 nimis
397 2949 557 3016 difficiles.
602 2951 664 3015 Sed
677 2949 823 3014 volumus
846 2951 932 3034 quod
952 2947 1095 3012 scholari
1116 2946 1164 3011 vel
1177 2946 1271 3011 socio

117 3033 225 3117 ipsam
249 3036 380 3118 petenti,
404 3047 435 3099 et
456 3059 491 3098 sc
504 3036 616 3101 habere
638 3035 800 3100 honestam
826 3049 855 3100 et
882 3057 989 3099 veram
1011 3056 1143 3097 causam
1158 3034 1270 3096 ahsen-

118 3121 208 3183 tandi
232 3123 393 3194 asserenti,
408 3144 471 3184 non
494 3123 665 3209 denegetur
688 3123 723 3185 in
739 3123 800 3186 hoc
817 3143 895 3185 casu
909 3120 1044 3185 facultas
1067 3141 1125 3182 seu
1139 3119 1271 3183 licentia

118 3207 311 3286 absentandi,
326 3208 486 3292 praecipue
509 3231 695 3290 magnarum
709 3219 742 3271 et
764 3207 957 3294 generalium
980 3205 1177 3269 vacationum
1192 3217 1270 3268 tem·

119 3292 262 3376 poribus.
306 3294 382 3358 Hoc
396 3293 526 3377 adjecto,
550 3295 635 3378 quod
650 3307 725 3358 tunc
739 3296 903 3357 absentare
918 3292 1102 3369 volentibus,
1116 3312 1154 3353 ac
1164 3288 1270 3373 justas

119 3379 262 3441 honestas
276 3401 314 3442 ac
329 3379 531 3442 rationabiles
548 3402 669 3458 causas,
682 3391 717 3442 ut
741 3379 953 3464 praemittitur,
967 3376 1188 3462 allegantibus,
1202 3398 1270 3438 cer·

117 3475 196 3543 tum,
212 3464 402 3527 rationabile
416 3476 541 3548 tempus
555 3465 707 3527 absentias
721 3467 906 3551 praeligatus
919 3463 1049 3540 eisdem,
1065 3461 1269 3524 mnsideratis

119 3550 225 3612 causis
239 3549 384 3635 allegatis
398 3571 437 3612 ac
451 3550 643 3630 conditione,
656 3562 743 3613 stetu
758 3561 791 3612 et
811 3551 924 3633 gradu,
938 3569 1142 3631 personarum
1165 3547 1268 3629 ipsam

119 3635 293 3719 petentium
324 3634 492 3707 licentiam,
516 3634 654 3698 locorum
683 3635 843 3712 distantia,
872 3646 904 3696 et
933 3632 1086 3717 temporis
1115 3633 1268 3714 qualitate

119 3722 202 3783 infra
216 3721 299 3804 qnod
320 3721 362 3783 ad
377 3720 499 3783 dictum
514 3721 691 3807 Collegium
705 3732 737 3784 et
750 3720 893 3784 studium
915 3719 1027 3798 redire,
1049 3729 1190 3780 cessante
1205 3719 1268 3780 irn-

118 3807 300 3892 pedimento
323 3804 479 3891 legitimo,
501 3809 633 3870 debeant
656 3829 692 3870 ac
715 3808 810 3870 etiam
831 3817 1012 3880 teneantnr3
1036 3817 1066 3866 et
1080 3803 1175 3887 quod,
1188 3805 1266 3866 dum
1279 3823 1469 3887 cmdttetdmin,

119 3894 258 3958 ahsentes
273 3890 396 3972 inerint,
409 3893 495 3955 sicut
510 3891 597 3955 decet
612 3888 745 3956 clericos
755 3891 925 3955 induantur
938 3901 968 3953 et
982 3891 1111 3953 honeste
1121 3889 1267 3953 moribus
1277 3887 1388 3942 ²¹*ssoe-

119 3992 346 4042 conversentur.
393 3977 427 4042 N
429 4002 464 4042 ec
479 4001 535 4063 pro
559 3984 640 4059 tunc,
656 3990 712 4041 aut
726 3977 803 4041 dur'n
818 3978 855 4040 in
870 3975 1084 4043 Universitate
1098 3985 1268 4059 presentes

120 4067 237 4129 luerint
260 4065 360 4128 iidem
384 4066 541 4128 scholares
565 4076 620 4127 ant
643 4065 734 4144 Socii,
750 4064 797 4128 vel
812 4063 871 4127 alii
894 4062 930 4125 in
953 4060 1027 4145 ipso
1042 4058 1186 4147 Collegio
1199 4084 1268 4124 ma-

119 4166 226 4215 nentes
249 4152 406 4236 capellani
429 4152 618 4236 quicunque,
643 4153 796 4229 tabernas,
825 4149 1006 4234 spectacula
1031 4146 1083 4210 vel
1106 4147 1171 4209 alia
1198 4148 1268 4211 loca

120 4239 292 4316 inhonesta,
311 4256 472 4302 exerceant
486 4249 540 4301 ant
556 4241 757 4322 frequentent,
772 4237 827 4299 sed
846 4259 866 4299 a
880 4233 1036 4300 eomitivis
1057 4233 1216 4317 suspectis
1233 4256 1267 4296 se
1324 4272 1327 4277 .
1430 4274 1434 4279 -

119 4325 318 4403 abstineant,
340 4348 388 4404 ne,
402 4326 485 4409 quod
510 4325 610 4389 absit!
634 4349 673 4386 ex
697 4322 918 4386 communione
938 4320 1101 4384 inhonesta
1124 4319 1174 4383 vel
1195 4342 1267 4382 sus·

120 4426 224 4493 pecta,
237 4424 290 4472 aut
305 4411 384 4473 alias
397 4434 437 4473 ex
451 4435 560 4474 eorum
576 4410 750 4473 insolentiis
764 4409 1013 4493 quibuscamque,
1023 4405 1106 4470 dicto
1115 4405 1269 4486 Collegio,

120 4495 316 4559 scholaribus
331 4497 380 4560 vet
404 4498 509 4562 Sociis
523 4497 673 4583 ejusdem,
697 4493 893 4570 scandalum,
915 4494 1067 4558 damntm
1090 4491 1136 4556 vel
1151 4490 1267 4575 preju-¹

120 4581 250 4658 dicium,
265 4582 385 4644 eveniat
407 4597 460 4648 aut
474 4582 710 4667 quomodolibet
732 4591 906 4664 generetur.
952 4578 1025 4645 Nec
1047 4579 1143 4642 liceat
1167 4576 1268 4640 alicui
1351 4634 1399 4665 ..a

1423 3458 1438 3495 θ.
