<?xml version="1.0" encoding="UTF-8"?>
<!DOCTYPE html PUBLIC "-//W3C//DTD XHTML 1.0 Transitional//EN"
    "http://www.w3.org/TR/xhtml1/DTD/xhtml1-transitional.dtd">
<html xmlns="http://www.w3.org/1999/xhtml" xml:lang="en" lang="en">
 <head>
  <title>
</title>
<meta http-equiv="Content-Type" content="text/html;charset=utf-8" />
  <meta name='ocr-system' content='tesseract 3.04.00' />
  <meta name='ocr-capabilities' content='ocr_page ocr_carea ocr_par ocr_line ocrx_word'/>
</head>
<body>
  <div class='ocr_page' id='page_1' title='image "./statutescollege01bondgoog_0009.png"; bbox 0 0 3014 4898; ppageno 0'>
   <div class='ocr_carea' id='block_1_1' title="bbox 532 579 1049 646">
    <p class='ocr_par' dir='ltr' id='par_1_1' title="bbox 532 579 1049 646">
     <span class='ocr_line' id='line_1_1' title="bbox 532 579 1049 646; baseline 0 -2"><span class='ocrx_word' id='word_1_1' title='bbox 532 580 626 645; x_wconf 90' lang='lat' dir='ltr'>ALL</span> <span class='ocrx_word' id='word_1_2' title='bbox 649 581 797 646; x_wconf 91' lang='lat' dir='ltr'>SOULS</span> <span class='ocrx_word' id='word_1_3' title='bbox 821 579 1049 646; x_wconf 83' lang='lat' dir='ltr'>COLLEGE.</span> 
     </span>
    </p>
   </div>
   <div class='ocr_carea' id='block_1_2' title="bbox 376 898 1203 1049">
    <p class='ocr_par' dir='ltr' id='par_1_2' title="bbox 376 898 1203 1049">
     <span class='ocr_line' id='line_1_2' title="bbox 376 898 1203 1049; baseline -0.002 -63"><span class='ocrx_word' id='word_1_4' title='bbox 376 912 506 988; x_wconf 87' lang='lat' dir='ltr'>Patent</span> <span class='ocrx_word' id='word_1_5' title='bbox 522 911 618 1004; x_wconf 88' lang='lat' dir='ltr'>Roll,</span> <span class='ocrx_word' id='word_1_6' title='bbox 645 918 688 988; x_wconf 88' lang='lat'>16</span> <span class='ocrx_word' id='word_1_7' title='bbox 706 911 806 988; x_wconf 79' lang='lat' dir='ltr'>Hau.</span> <span class='ocrx_word' id='word_1_8' title='bbox 823 898 1126 1049; x_wconf 36' lang='lat' dir='ltr'>VI&#39;,‘,²nJembrane</span> <span class='ocrx_word' id='word_1_9' title='bbox 1143 917 1203 984; x_wconf 81' lang='lat'>24</span> 
     </span>
    </p>
   </div>
   <div class='ocr_carea' id='block_1_3' title="bbox 127 1037 1374 4262">
    <p class='ocr_par' dir='ltr' id='par_1_3' title="bbox 310 1037 1368 1192">
     <span class='ocr_line' id='line_1_3' title="bbox 310 1037 1368 1192; baseline 0 -48"><span class='ocrx_word' id='word_1_10' title='bbox 310 1130 335 1192; x_wconf 75' lang='lat' dir='ltr'>J</span> <span class='ocrx_word' id='word_1_11' title='bbox 519 1129 542 1190; x_wconf 69' lang='lat' dir='ltr'><em>d</em></span> <span class='ocrx_word' id='word_1_12' title='bbox 560 1129 617 1190; x_wconf 65' lang='lat' dir='ltr'>nd.</span> <span class='ocrx_word' id='word_1_13' title='bbox 663 1081 731 1144; x_wconf 85' lang='lat' dir='ltr'>Rex</span> <span class='ocrx_word' id='word_1_14' title='bbox 749 1039 918 1176; x_wconf 63' lang='lat' dir='ltr'>orrl&#39;rtibi‘rs,</span> <span class='ocrx_word' id='word_1_15' title='bbox 930 1037 982 1144; x_wconf 80' lang='lat' dir='ltr'>ad</span> <span class='ocrx_word' id='word_1_16' title='bbox 1005 1103 1094 1166; x_wconf 89' lang='lat' dir='ltr'>quos,</span> <span class='ocrx_word' id='word_1_17' title='bbox 1122 1082 1191 1154; x_wconf 86' lang='lat' dir='ltr'>&amp;o.,</span> <span class='ocrx_word' id='word_1_18' title='bbox 1222 1081 1368 1144; x_wconf 88' lang='lat' dir='ltr'>salutern.</span> 
     </span>
    </p>

    <p class='ocr_par' dir='ltr' id='par_1_4' title="bbox 220 1130 1373 1510">
     <span class='ocr_line' id='line_1_4' title="bbox 221 1130 1370 1279; baseline -0.005 -45"><span class='ocrx_word' id='word_1_19' title='bbox 221 1130 279 1279; x_wconf 55' lang='lat' dir='ltr'>DZ</span> <span class='ocrx_word' id='word_1_20' title='bbox 316 1130 431 1276; x_wconf 43' lang='lat' dir='ltr'>‚wanga</span> <span class='ocrx_word' id='word_1_21' title='bbox 452 1131 600 1277; x_wconf 54' lang='lat' dir='ltr'>sim}</span> <span class='ocrx_word' id='word_1_22' title='bbox 602 1151 614 1190; x_wconf 69' lang='lat'>²</span> <span class='ocrx_word' id='word_1_23' title='bbox 664 1159 867 1256; x_wconf 79' lang='lat' dir='ltr'>Supplmavrt</span> <span class='ocrx_word' id='word_1_24' title='bbox 877 1169 1170 1231; x_wconf 79' lang='lat' dir='ltr'>nobrsveuerablhs</span> <span class='ocrx_word' id='word_1_25' title='bbox 1184 1180 1270 1251; x_wconf 85' lang='lat' dir='ltr'>pater</span> <span class='ocrx_word' id='word_1_26' title='bbox 1280 1167 1370 1232; x_wconf 91' lang='lat' dir='ltr'>Heu</span> 
     </span>
     <span class='ocr_line' id='line_1_5' title="bbox 220 1236 1370 1397; baseline -0.004 -77"><span class='ocrx_word' id='word_1_27' title='bbox 220 1237 253 1280; x_wconf 75' lang='lat'>⁶⁰</span> <span class='ocrx_word' id='word_1_28' title='bbox 276 1236 374 1299; x_wconf 61' lang='lat' dir='ltr'>einum</span> <span class='ocrx_word' id='word_1_29' title='bbox 416 1237 529 1277; x_wconf 64' lang='lat' dir='ltr'>mmm</span> <span class='ocrx_word' id='word_1_30' title='bbox 533 1236 654 1397; x_wconf 59' lang='grc' dir='ltr'>ᾙΜς</span> <span class='ocrx_word' id='word_1_31' title='bbox 660 1256 758 1320; x_wconf 70' lang='lat' dir='ltr'>nicus</span> <span class='ocrx_word' id='word_1_32' title='bbox 781 1253 933 1318; x_wconf 89' lang='lat' dir='ltr'>Chichele</span> <span class='ocrx_word' id='word_1_33' title='bbox 969 1254 1207 1317; x_wconf 88' lang='lat' dir='ltr'>Cantuarieusis</span> <span class='ocrx_word' id='word_1_34' title='bbox 1241 1255 1370 1316; x_wconf 83' lang='lat' dir='ltr'>Archia·</span> 
     </span>
     <span class='ocr_line' id='line_1_6' title="bbox 221 1302 1373 1451; baseline -0.003 -48"><span class='ocrx_word' id='word_1_35' title='bbox 221 1323 349 1451; x_wconf 48' lang='grc' dir='ltr'>Ἐαωῃι</span> <span class='ocrx_word' id='word_1_36' title='bbox 384 1303 472 1385; x_wconf 63' lang='lat' dir='ltr'><em>msra</em></span> <span class='ocrx_word' id='word_1_37' title='bbox 507 1302 550 1390; x_wconf 57' lang='grc' dir='ltr'>ΨΙ</span> <span class='ocrx_word' id='word_1_38' title='bbox 560 1312 674 1392; x_wconf 49' lang='lat' dir='ltr'>dmg·</span> <span class='ocrx_word' id='word_1_39' title='bbox 614 1337 827 1424; x_wconf 40' lang='lat' dir='ltr'>spiscopus,</span> <span class='ocrx_word' id='word_1_40' title='bbox 864 1341 962 1404; x_wconf 88' lang='lat' dir='ltr'>totius</span> <span class='ocrx_word' id='word_1_41' title='bbox 1001 1341 1127 1437; x_wconf 80' lang='lat' dir='ltr'>Angliae</span> <span class='ocrx_word' id='word_1_42' title='bbox 1166 1341 1306 1416; x_wconf 87' lang='lat' dir='ltr'>Primas‚</span> <span class='ocrx_word' id='word_1_43' title='bbox 1341 1351 1373 1401; x_wconf 90' lang='lat' dir='ltr'>et</span> 
     </span>
     <span class='ocr_line' id='line_1_7' title="bbox 255 1409 1371 1510; baseline -0.002 -22"><span class='ocrx_word' id='word_1_44' title='bbox 255 1409 361 1451; x_wconf 58' lang='lat' dir='ltr'>mm</span> <span class='ocrx_word' id='word_1_45' title='bbox 433 1429 449 1470; x_wconf 82' lang='lat'>&#39;-</span> <span class='ocrx_word' id='word_1_46' title='bbox 518 1447 536 1486; x_wconf 88' lang='grc'>·.</span> <span class='ocrx_word' id='word_1_47' title='bbox 590 1437 826 1510; x_wconf 92' lang='lat' dir='ltr'>compater</span> <span class='ocrx_word' id='word_1_48' title='bbox 841 1441 953 1498; x_wconf 87' lang='lat' dir='ltr'>noster,</span> <span class='ocrx_word' id='word_1_49' title='bbox 970 1450 1027 1510; x_wconf 89' lang='lat' dir='ltr'>per</span> <span class='ocrx_word' id='word_1_50' title='bbox 1049 1449 1139 1509; x_wconf 89' lang='lat' dir='ltr'>quus</span> <span class='ocrx_word' id='word_1_51' title='bbox 1161 1449 1271 1488; x_wconf 91' lang='lat' dir='ltr'>manus</span> <span class='ocrx_word' id='word_1_52' title='bbox 1289 1425 1371 1487; x_wconf 90' lang='lat' dir='ltr'>sacri</span> 
     </span>
    </p>

    <p class='ocr_par' dir='ltr' id='par_1_5' title="bbox 138 1510 1372 2027">
     <span class='ocr_line' id='line_1_8' title="bbox 222 1510 1372 1617; baseline -0.006 -38"><span class='ocrx_word' id='word_1_53' title='bbox 222 1514 426 1617; x_wconf 72' lang='lat' dir='ltr'>baptismatis</span> <span class='ocrx_word' id='word_1_54' title='bbox 457 1510 624 1584; x_wconf 81' lang='lat' dir='ltr'>lavacrum</span> <span class='ocrx_word' id='word_1_55' title='bbox 663 1513 873 1614; x_wconf 83' lang='lat' dir='ltr'>suscepimus,</span> <span class='ocrx_word' id='word_1_56' title='bbox 902 1512 1130 1575; x_wconf 88' lang='lat' dir='ltr'>incrementum</span> <span class='ocrx_word' id='word_1_57' title='bbox 1171 1511 1249 1575; x_wconf 91' lang='lat' dir='ltr'>cleri</span> <span class='ocrx_word' id='word_1_58' title='bbox 1286 1512 1372 1593; x_wconf 83' lang='lat' dir='ltr'>regui</span> 
     </span>
     <span class='ocr_line' id='line_1_9' title="bbox 223 1538 1372 1686; baseline -0.004 -22"><span class='ocrx_word' id='word_1_59' title='bbox 223 1538 330 1664; x_wconf 78' lang='lat' dir='ltr'>nostri·</span> <span class='ocrx_word' id='word_1_60' title='bbox 328 1593 472 1686; x_wconf 72' lang='lat' dir='ltr'>‘A&#39;irg’li&#39;re</span> <span class='ocrx_word' id='word_1_61' title='bbox 495 1599 686 1670; x_wconf 84' lang='lat' dir='ltr'>desiderans,</span> <span class='ocrx_word' id='word_1_62' title='bbox 706 1600 762 1684; x_wconf 93' lang='lat' dir='ltr'>qui</span> <span class='ocrx_word' id='word_1_63' title='bbox 787 1599 822 1661; x_wconf 91' lang='lat' dir='ltr'>in</span> <span class='ocrx_word' id='word_1_64' title='bbox 844 1598 1084 1682; x_wconf 76' lang='lat' dir='ltr'>praesentiarum</span> <span class='ocrx_word' id='word_1_65' title='bbox 1106 1599 1245 1662; x_wconf 89' lang='lat' dir='ltr'>noscitur</span> <span class='ocrx_word' id='word_1_66' title='bbox 1271 1599 1372 1681; x_wconf 91' lang='lat' dir='ltr'>pluri-</span> 
     </span>
     <span class='ocr_line' id='line_1_10' title="bbox 174 1670 1371 1794; baseline -0.003 -44.973"><span class='ocrx_word' id='word_1_67' title='bbox 174 1748 191 1794; x_wconf 88' lang='lat'>.·</span> <span class='ocrx_word' id='word_1_68' title='bbox 204 1684 322 1789; x_wconf 62' lang='lat' dir='ltr'>risum</span> <span class='ocrx_word' id='word_1_69' title='bbox 300 1670 380 1748; x_wconf 81' lang='lat' dir='ltr'>‘lde</span> <span class='ocrx_word' id='word_1_70' title='bbox 365 1687 487 1756; x_wconf 82' lang='lat' dir='ltr'>fecisse,</span> <span class='ocrx_word' id='word_1_71' title='bbox 503 1696 538 1748; x_wconf 94' lang='lat' dir='ltr'>ut</span> <span class='ocrx_word' id='word_1_72' title='bbox 553 1707 608 1748; x_wconf 91' lang='lat' dir='ltr'>nos</span> <span class='ocrx_word' id='word_1_73' title='bbox 624 1688 785 1764; x_wconf 88' lang='lat' dir='ltr'>custubus,</span> <span class='ocrx_word' id='word_1_74' title='bbox 802 1686 985 1768; x_wconf 74' lang='lat' dir='ltr'>sumptibus</span> <span class='ocrx_word' id='word_1_75' title='bbox 1001 1697 1030 1748; x_wconf 90' lang='lat' dir='ltr'>et</span> <span class='ocrx_word' id='word_1_76' title='bbox 1050 1685 1198 1768; x_wconf 81' lang='lat' dir='ltr'>expensis</span> <span class='ocrx_word' id='word_1_77' title='bbox 1215 1685 1282 1746; x_wconf 87' lang='lat' dir='ltr'>suis</span> <span class='ocrx_word' id='word_1_78' title='bbox 1298 1706 1371 1767; x_wconf 92' lang='lat' dir='ltr'>pro·</span> 
     </span>
     <span class='ocr_line' id='line_1_11' title="bbox 127 1759 1371 1872; baseline -0.003 -36.707"><span class='ocrx_word' id='word_1_79' title='bbox 127 1759 317 1872; x_wconf 42' lang='lat' dir='ltr'>,igrprii&#39;s</span> <span class='ocrx_word' id='word_1_80' title='bbox 332 1773 491 1856; x_wconf 78' lang='lat' dir='ltr'>quoddam</span> <span class='ocrx_word' id='word_1_81' title='bbox 507 1771 691 1858; x_wconf 81' lang='lat' dir='ltr'>Collegium</span> <span class='ocrx_word' id='word_1_82' title='bbox 715 1785 905 1856; x_wconf 88' lang='lat' dir='ltr'>perpetuum</span> <span class='ocrx_word' id='word_1_83' title='bbox 929 1772 968 1835; x_wconf 91' lang='lat' dir='ltr'>de</span> <span class='ocrx_word' id='word_1_84' title='bbox 990 1794 1053 1834; x_wconf 92' lang='lat' dir='ltr'>uno</span> <span class='ocrx_word' id='word_1_85' title='bbox 1070 1771 1210 1836; x_wconf 90' lang='lat' dir='ltr'>Custode</span> <span class='ocrx_word' id='word_1_86' title='bbox 1232 1785 1261 1831; x_wconf 87' lang='lat' dir='ltr'>et</span> <span class='ocrx_word' id='word_1_87' title='bbox 1277 1771 1371 1834; x_wconf 89' lang='lat' dir='ltr'>certis</span> 
     </span>
     <span class='ocr_line' id='line_1_12' title="bbox 152 1856 1371 1936; baseline -0.004 -13.057"><span class='ocrx_word' id='word_1_88' title='bbox 196 1882 204 1895; x_wconf 90' lang='lat'><strong>·</strong></span> <span class='ocrx_word' id='word_1_89' title='bbox 152 1857 460 1934; x_wconf 81' lang='lat' dir='ltr'>scholaribus,</span> <span class='ocrx_word' id='word_1_90' title='bbox 450 1857 626 1922; x_wconf 86' lang='lat' dir='ltr'>1u0xonia</span> <span class='ocrx_word' id='word_1_91' title='bbox 640 1881 677 1921; x_wconf 88' lang='lat' dir='ltr'>ac</span> <span class='ocrx_word' id='word_1_92' title='bbox 695 1859 728 1921; x_wconf 90' lang='lat' dir='ltr'>iu</span> <span class='ocrx_word' id='word_1_93' title='bbox 743 1857 957 1922; x_wconf 86' lang='lat' dir='ltr'>Universitate</span> <span class='ocrx_word' id='word_1_94' title='bbox 974 1857 1107 1936; x_wconf 90' lang='lat' dir='ltr'>ibidem,</span> <span class='ocrx_word' id='word_1_95' title='bbox 1123 1858 1164 1920; x_wconf 92' lang='lat' dir='ltr'>ad</span> <span class='ocrx_word' id='word_1_96' title='bbox 1179 1856 1371 1920; x_wconf 90' lang='lat' dir='ltr'>studendum</span> 
     </span>
     <span class='ocr_line' id='line_1_13' title="bbox 223 1942 1372 2045; baseline -0.006 -35"><span class='ocrx_word' id='word_1_97' title='bbox 223 1957 255 2010; x_wconf 90' lang='lat' dir='ltr'>et</span> <span class='ocrx_word' id='word_1_98' title='bbox 268 1946 418 2045; x_wconf 80' lang='lat' dir='ltr'>orandum</span> <span class='ocrx_word' id='word_1_99' title='bbox 434 1966 492 2027; x_wconf 93' lang='lat' dir='ltr'>pro</span> <span class='ocrx_word' id='word_1_100' title='bbox 512 1944 632 2008; x_wconf 82' lang='lat' dir='ltr'>salubri</span> <span class='ocrx_word' id='word_1_101' title='bbox 656 1956 739 2007; x_wconf 88' lang='lat' dir='ltr'>statu</span> <span class='ocrx_word' id='word_1_102' title='bbox 763 1955 832 2007; x_wconf 92' lang='lat' dir='ltr'>nost</span> <span class='ocrx_word' id='word_1_103' title='bbox 832 1967 866 2006; x_wconf 91' lang='lat' dir='ltr'>ro</span> <span class='ocrx_word' id='word_1_104' title='bbox 892 1957 922 2006; x_wconf 90' lang='lat' dir='ltr'>et</span> <span class='ocrx_word' id='word_1_105' title='bbox 947 1943 1054 2026; x_wconf 91' lang='lat' dir='ltr'>ipsius</span> <span class='ocrx_word' id='word_1_106' title='bbox 1076 1943 1250 2027; x_wconf 89' lang='lat' dir='ltr'>compatris</span> <span class='ocrx_word' id='word_1_107' title='bbox 1265 1942 1372 2014; x_wconf 82' lang='lat' dir='ltr'>nostri,</span> 
     </span>
    </p>

    <p class='ocr_par' dir='ltr' id='par_1_6' title="bbox 222 2030 1372 2115">
     <span class='ocr_line' id='line_1_14' title="bbox 222 2030 1372 2115; baseline -0.003 -21"><span class='ocrx_word' id='word_1_108' title='bbox 222 2033 299 2094; x_wconf 91' lang='lat' dir='ltr'>dum</span> <span class='ocrx_word' id='word_1_109' title='bbox 317 2030 501 2102; x_wconf 87' lang='lat' dir='ltr'>vixerimus,</span> <span class='ocrx_word' id='word_1_110' title='bbox 520 2041 552 2092; x_wconf 86' lang='lat' dir='ltr'>ct</span> <span class='ocrx_word' id='word_1_111' title='bbox 574 2031 741 2093; x_wconf 82' lang='lat' dir='ltr'>animabus</span> <span class='ocrx_word' id='word_1_112' title='bbox 768 2031 885 2093; x_wconf 86' lang='lat' dir='ltr'>nostris</span> <span class='ocrx_word' id='word_1_113' title='bbox 907 2053 980 2093; x_wconf 91' lang='lat' dir='ltr'>cum</span> <span class='ocrx_word' id='word_1_114' title='bbox 997 2031 1037 2093; x_wconf 91' lang='lat' dir='ltr'>ab</span> <span class='ocrx_word' id='word_1_115' title='bbox 1060 2030 1117 2092; x_wconf 93' lang='lat' dir='ltr'>hac</span> <span class='ocrx_word' id='word_1_116' title='bbox 1132 2030 1201 2092; x_wconf 90' lang='lat' dir='ltr'>luce</span> <span class='ocrx_word' id='word_1_117' title='bbox 1215 2030 1372 2115; x_wconf 85' lang='lat' dir='ltr'>migrave-</span> 
     </span>
    </p>

    <p class='ocr_par' dir='ltr' id='par_1_7' title="bbox 224 2115 1372 2199">
     <span class='ocr_line' id='line_1_15' title="bbox 224 2115 1372 2199; baseline -0.004 -19"><span class='ocrx_word' id='word_1_118' title='bbox 224 2117 335 2192; x_wconf 85' lang='lat' dir='ltr'>rimus,</span> <span class='ocrx_word' id='word_1_119' title='bbox 351 2137 390 2179; x_wconf 87' lang='lat' dir='ltr'>ac</span> <span class='ocrx_word' id='word_1_120' title='bbox 414 2117 582 2178; x_wconf 85' lang='lat' dir='ltr'>animabus</span> <span class='ocrx_word' id='word_1_121' title='bbox 607 2117 778 2181; x_wconf 84' lang='lat' dir='ltr'>clarissimi</span> <span class='ocrx_word' id='word_1_122' title='bbox 800 2116 964 2199; x_wconf 91' lang='lat' dir='ltr'>Principis</span> <span class='ocrx_word' id='word_1_123' title='bbox 988 2116 1123 2181; x_wconf 88' lang='lat' dir='ltr'>Henrici</span> <span class='ocrx_word' id='word_1_124' title='bbox 1149 2138 1250 2199; x_wconf 87' lang='lat' dir='ltr'>nuper</span> <span class='ocrx_word' id='word_1_125' title='bbox 1272 2115 1372 2199; x_wconf 86' lang='lat' dir='ltr'>Regis</span> 
     </span>
    </p>

    <p class='ocr_par' dir='ltr' id='par_1_8' title="bbox 224 2201 1373 2287">
     <span class='ocr_line' id='line_1_16' title="bbox 224 2201 1373 2287; baseline -0.005 -19"><span class='ocrx_word' id='word_1_126' title='bbox 224 2203 361 2287; x_wconf 73' lang='lat' dir='ltr'>anglia,</span> <span class='ocrx_word' id='word_1_127' title='bbox 378 2203 481 2284; x_wconf 87' lang='lat' dir='ltr'>patris</span> <span class='ocrx_word' id='word_1_128' title='bbox 502 2203 611 2274; x_wconf 86' lang='lat' dir='ltr'>nostri,</span> <span class='ocrx_word' id='word_1_129' title='bbox 627 2202 762 2265; x_wconf 86' lang='lat' dir='ltr'>Thomae</span> <span class='ocrx_word' id='word_1_130' title='bbox 786 2225 885 2286; x_wconf 88' lang='lat' dir='ltr'>nuper</span> <span class='ocrx_word' id='word_1_131' title='bbox 907 2203 1011 2268; x_wconf 88' lang='lat' dir='ltr'>Ducis</span> <span class='ocrx_word' id='word_1_132' title='bbox 1026 2202 1210 2278; x_wconf 85' lang='lat' dir='ltr'>Clarenciae,</span> <span class='ocrx_word' id='word_1_133' title='bbox 1225 2201 1373 2264; x_wconf 91' lang='lat' dir='ltr'>avunculi</span> 
     </span>
    </p>

    <p class='ocr_par' dir='ltr' id='par_1_9' title="bbox 224 2287 1373 2374">
     <span class='ocr_line' id='line_1_17' title="bbox 224 2287 1373 2374; baseline -0.003 -23"><span class='ocrx_word' id='word_1_134' title='bbox 224 2290 334 2361; x_wconf 88' lang='lat' dir='ltr'>nostri,</span> <span class='ocrx_word' id='word_1_135' title='bbox 353 2289 490 2360; x_wconf 90' lang='lat' dir='ltr'>Ducum,</span> <span class='ocrx_word' id='word_1_136' title='bbox 505 2287 681 2360; x_wconf 86' lang='lat' dir='ltr'>Comitum,</span> <span class='ocrx_word' id='word_1_137' title='bbox 708 2289 881 2359; x_wconf 90' lang='lat' dir='ltr'>Baronum,</span> <span class='ocrx_word' id='word_1_138' title='bbox 906 2289 1058 2359; x_wconf 89' lang='lat' dir='ltr'>militum,</span> <span class='ocrx_word' id='word_1_139' title='bbox 1081 2289 1319 2374; x_wconf 86' lang='lat' dir='ltr'>armigerorum,</span> <span class='ocrx_word' id='word_1_140' title='bbox 1342 2300 1373 2348; x_wconf 90' lang='lat' dir='ltr'>et</span> 
     </span>
    </p>

    <p class='ocr_par' dir='ltr' id='par_1_10' title="bbox 224 2374 1372 2458">
     <span class='ocr_line' id='line_1_18' title="bbox 224 2374 1372 2458; baseline -0.002 -20"><span class='ocrx_word' id='word_1_141' title='bbox 224 2375 359 2438; x_wconf 87' lang='lat' dir='ltr'>aliorum</span> <span class='ocrx_word' id='word_1_142' title='bbox 383 2374 539 2436; x_wconf 88' lang='lat' dir='ltr'>nobilium</span> <span class='ocrx_word' id='word_1_143' title='bbox 561 2386 592 2436; x_wconf 94' lang='lat' dir='ltr'>et</span> <span class='ocrx_word' id='word_1_144' title='bbox 621 2375 820 2437; x_wconf 89' lang='lat' dir='ltr'>subditorum</span> <span class='ocrx_word' id='word_1_145' title='bbox 850 2375 956 2457; x_wconf 93' lang='lat' dir='ltr'>ipsius</span> <span class='ocrx_word' id='word_1_146' title='bbox 983 2375 1084 2458; x_wconf 91' lang='lat' dir='ltr'>patris</span> <span class='ocrx_word' id='word_1_147' title='bbox 1114 2374 1213 2437; x_wconf 87' lang='lat' dir='ltr'>nostri</span> <span class='ocrx_word' id='word_1_148' title='bbox 1243 2387 1274 2436; x_wconf 91' lang='lat' dir='ltr'>et</span> <span class='ocrx_word' id='word_1_149' title='bbox 1304 2395 1372 2436; x_wconf 90' lang='lat' dir='ltr'>nos·</span> 
     </span>
    </p>

    <p class='ocr_par' dir='ltr' id='par_1_11' title="bbox 223 2460 1372 2544">
     <span class='ocr_line' id='line_1_19' title="bbox 223 2460 1372 2544; baseline -0.003 -20"><span class='ocrx_word' id='word_1_150' title='bbox 223 2472 353 2539; x_wconf 91' lang='lat' dir='ltr'>trorum,</span> <span class='ocrx_word' id='word_1_151' title='bbox 369 2461 423 2543; x_wconf 90' lang='lat' dir='ltr'>qui</span> <span class='ocrx_word' id='word_1_152' title='bbox 438 2461 628 2543; x_wconf 88' lang='lat' dir='ltr'>temporibus</span> <span class='ocrx_word' id='word_1_153' title='bbox 652 2471 682 2522; x_wconf 87' lang='lat' dir='ltr'>et</span> <span class='ocrx_word' id='word_1_154' title='bbox 706 2462 857 2544; x_wconf 89' lang='lat' dir='ltr'>obsequiis</span> <span class='ocrx_word' id='word_1_155' title='bbox 877 2461 976 2543; x_wconf 89' lang='lat' dir='ltr'>ipsius</span> <span class='ocrx_word' id='word_1_156' title='bbox 992 2463 1091 2544; x_wconf 86' lang='lat' dir='ltr'>patris</span> <span class='ocrx_word' id='word_1_157' title='bbox 1106 2461 1203 2521; x_wconf 90' lang='lat' dir='ltr'>nostri</span> <span class='ocrx_word' id='word_1_158' title='bbox 1221 2473 1251 2519; x_wconf 93' lang='lat' dir='ltr'>et</span> <span class='ocrx_word' id='word_1_159' title='bbox 1271 2460 1372 2521; x_wconf 90' lang='lat' dir='ltr'>nostri</span> 
     </span>
    </p>

    <p class='ocr_par' dir='ltr' id='par_1_12' title="bbox 224 2545 1373 2632">
     <span class='ocr_line' id='line_1_20' title="bbox 224 2545 1373 2632; baseline -0.002 -23"><span class='ocrx_word' id='word_1_160' title='bbox 224 2547 260 2610; x_wconf 90' lang='lat' dir='ltr'>in</span> <span class='ocrx_word' id='word_1_161' title='bbox 276 2546 398 2632; x_wconf 80' lang='lat' dir='ltr'>guerris</span> <span class='ocrx_word' id='word_1_162' title='bbox 420 2546 509 2629; x_wconf 87' lang='lat' dir='ltr'>regni</span> <span class='ocrx_word' id='word_1_163' title='bbox 532 2547 672 2608; x_wconf 86' lang='lat' dir='ltr'>Franciae</span> <span class='ocrx_word' id='word_1_164' title='bbox 695 2547 794 2608; x_wconf 90' lang='lat' dir='ltr'>vitam</span> <span class='ocrx_word' id='word_1_165' title='bbox 818 2546 975 2616; x_wconf 88' lang='lat' dir='ltr'>finierunt,</span> <span class='ocrx_word' id='word_1_166' title='bbox 992 2558 1023 2607; x_wconf 91' lang='lat' dir='ltr'>et</span> <span class='ocrx_word' id='word_1_167' title='bbox 1040 2545 1211 2607; x_wconf 91' lang='lat' dir='ltr'>animabus</span> <span class='ocrx_word' id='word_1_168' title='bbox 1227 2545 1373 2607; x_wconf 90' lang='lat' dir='ltr'>omnium</span> 
     </span>
    </p>

    <p class='ocr_par' dir='ltr' id='par_1_13' title="bbox 224 2629 1372 2715">
     <span class='ocr_line' id='line_1_21' title="bbox 224 2629 1372 2715; baseline -0.002 -21"><span class='ocrx_word' id='word_1_169' title='bbox 224 2633 369 2695; x_wconf 84' lang='lat' dir='ltr'>fidelium</span> <span class='ocrx_word' id='word_1_170' title='bbox 407 2631 632 2703; x_wconf 79' lang='lat' dir='ltr'>detunctorum,</span> <span class='ocrx_word' id='word_1_171' title='bbox 659 2629 752 2715; x_wconf 83' lang='lat' dir='ltr'>J‘uxta</span> <span class='ocrx_word' id='word_1_172' title='bbox 789 2631 1070 2694; x_wconf 89' lang='lat' dir='ltr'>ordinationem</span> <span class='ocrx_word' id='word_1_173' title='bbox 1060 2630 1166 2715; x_wconf 80' lang='lat' dir='ltr'>ipsius</span> <span class='ocrx_word' id='word_1_174' title='bbox 1200 2631 1372 2713; x_wconf 90' lang='lat' dir='ltr'>compatris</span> 
     </span>
    </p>

    <p class='ocr_par' dir='ltr' id='par_1_14' title="bbox 224 2716 1373 2802">
     <span class='ocr_line' id='line_1_22' title="bbox 224 2716 1373 2802; baseline -0.003 -21"><span class='ocrx_word' id='word_1_175' title='bbox 224 2719 327 2781; x_wconf 87' lang='lat' dir='ltr'>nostri</span> <span class='ocrx_word' id='word_1_176' title='bbox 353 2727 383 2778; x_wconf 90' lang='lat' dir='ltr'>et</span> <span class='ocrx_word' id='word_1_177' title='bbox 408 2739 624 2781; x_wconf 88' lang='lat' dir='ltr'>successomm</span> <span class='ocrx_word' id='word_1_178' title='bbox 650 2739 787 2790; x_wconf 89' lang='lat' dir='ltr'>suorum,</span> <span class='ocrx_word' id='word_1_179' title='bbox 810 2716 950 2794; x_wconf 89' lang='lat' dir='ltr'>fundare,</span> <span class='ocrx_word' id='word_1_180' title='bbox 975 2718 1126 2780; x_wconf 86' lang='lat' dir='ltr'>faceret</span> <span class='ocrx_word' id='word_1_181' title='bbox 1096 2727 1126 2779; x_wconf 90' lang='lat' dir='ltr'>et</span> <span class='ocrx_word' id='word_1_182' title='bbox 1147 2717 1277 2798; x_wconf 83' lang='lat' dir='ltr'>erigere,</span> <span class='ocrx_word' id='word_1_183' title='bbox 1300 2716 1373 2802; x_wconf 88' lang='lat' dir='ltr'>dig·</span> 
     </span>
    </p>

    <p class='ocr_par' dir='ltr' id='par_1_15' title="bbox 225 2801 1371 2887">
     <span class='ocr_line' id='line_1_23' title="bbox 225 2801 1371 2887; baseline -0.002 -21"><span class='ocrx_word' id='word_1_184' title='bbox 225 2826 380 2869; x_wconf 86' lang='lat' dir='ltr'>naremur.</span> <span class='ocrx_word' id='word_1_185' title='bbox 427 2803 506 2881; x_wconf 91' lang='lat' dir='ltr'>Nos,</span> <span class='ocrx_word' id='word_1_186' title='bbox 524 2802 816 2887; x_wconf 86' lang='lat' dir='ltr'>supplicationibus</span> <span class='ocrx_word' id='word_1_187' title='bbox 842 2801 982 2887; x_wconf 88' lang='lat' dir='ltr'>ejusdem</span> <span class='ocrx_word' id='word_1_188' title='bbox 1001 2802 1172 2886; x_wconf 88' lang='lat' dir='ltr'>compatris</span> <span class='ocrx_word' id='word_1_189' title='bbox 1196 2814 1266 2864; x_wconf 94' lang='lat' dir='ltr'>nost</span> <span class='ocrx_word' id='word_1_190' title='bbox 1267 2803 1295 2864; x_wconf 95' lang='lat' dir='ltr'>ri</span> <span class='ocrx_word' id='word_1_191' title='bbox 1316 2825 1371 2865; x_wconf 90' lang='lat' dir='ltr'>an-</span> 
     </span>
    </p>

    <p class='ocr_par' dir='ltr' id='par_1_16' title="bbox 226 2889 1373 2986">
     <span class='ocr_line' id='line_1_24' title="bbox 226 2889 1373 2986; baseline -0.002 -34"><span class='ocrx_word' id='word_1_192' title='bbox 226 2902 368 2960; x_wconf 88' lang='lat' dir='ltr'>nuentes,</span> <span class='ocrx_word' id='word_1_193' title='bbox 391 2889 427 2951; x_wconf 91' lang='lat' dir='ltr'>in</span> <span class='ocrx_word' id='word_1_194' title='bbox 452 2890 567 2952; x_wconf 91' lang='lat' dir='ltr'>honore</span> <span class='ocrx_word' id='word_1_195' title='bbox 596 2889 729 2952; x_wconf 91' lang='lat' dir='ltr'>Domini</span> <span class='ocrx_word' id='word_1_196' title='bbox 758 2889 857 2986; x_wconf 86' lang='lat' dir='ltr'>nostri</span> <span class='ocrx_word' id='word_1_197' title='bbox 874 2889 955 2952; x_wconf 90' lang='lat' dir='ltr'>Jesu</span> <span class='ocrx_word' id='word_1_198' title='bbox 976 2890 1109 2962; x_wconf 88' lang='lat' dir='ltr'>Christi,</span> <span class='ocrx_word' id='word_1_199' title='bbox 1134 2889 1373 2974; x_wconf 86' lang='lat' dir='ltr'>gloriosissimae</span> 
     </span>
    </p>

    <p class='ocr_par' dir='ltr' id='par_1_17' title="bbox 201 2973 1373 3148">
     <span class='ocr_line' id='line_1_25' title="bbox 201 2973 1373 3060; baseline -0.003 -20"><span class='ocrx_word' id='word_1_200' title='bbox 201 2975 364 3060; x_wconf 23' lang='lat' dir='ltr'>,virginis</span> <span class='ocrx_word' id='word_1_201' title='bbox 386 2977 483 3039; x_wconf 85' lang='lat' dir='ltr'>heatae</span> <span class='ocrx_word' id='word_1_202' title='bbox 508 2975 622 3038; x_wconf 85' lang='lat' dir='ltr'>Mariae</span> <span class='ocrx_word' id='word_1_203' title='bbox 647 2976 760 3038; x_wconf 87' lang='lat' dir='ltr'>matris</span> <span class='ocrx_word' id='word_1_204' title='bbox 784 2973 862 3058; x_wconf 89' lang='lat' dir='ltr'>ejus,</span> <span class='ocrx_word' id='word_1_205' title='bbox 878 2989 908 3036; x_wconf 88' lang='lat' dir='ltr'>et</span> <span class='ocrx_word' id='word_1_206' title='bbox 922 2976 1063 3038; x_wconf 90' lang='lat' dir='ltr'>omnium</span> <span class='ocrx_word' id='word_1_207' title='bbox 1086 2974 1271 3040; x_wconf 87' lang='lat' dir='ltr'>Sanctorum</span> <span class='ocrx_word' id='word_1_208' title='bbox 1295 2975 1373 3052; x_wconf 90' lang='lat' dir='ltr'>Dei,</span> 
     </span>
     <span class='ocr_line' id='line_1_26' title="bbox 225 3059 1372 3148; baseline -0.003 -23"><span class='ocrx_word' id='word_1_209' title='bbox 225 3063 384 3148; x_wconf 90' lang='lat' dir='ltr'>quoddam</span> <span class='ocrx_word' id='word_1_210' title='bbox 401 3059 582 3146; x_wconf 87' lang='lat' dir='ltr'>Collegium</span> <span class='ocrx_word' id='word_1_211' title='bbox 597 3073 785 3144; x_wconf 89' lang='lat' dir='ltr'>perpetuum</span> <span class='ocrx_word' id='word_1_212' title='bbox 806 3061 979 3124; x_wconf 86' lang='lat' dir='ltr'>secundum</span> <span class='ocrx_word' id='word_1_213' title='bbox 998 3062 1109 3125; x_wconf 89' lang='lat' dir='ltr'>harum</span> <span class='ocrx_word' id='word_1_214' title='bbox 1133 3062 1247 3124; x_wconf 88' lang='lat' dir='ltr'>seriem</span> <span class='ocrx_word' id='word_1_215' title='bbox 1263 3083 1372 3146; x_wconf 86' lang='lat' dir='ltr'>regen-</span> 
     </span>
    </p>

    <p class='ocr_par' dir='ltr' id='par_1_18' title="bbox 224 3146 1373 3233">
     <span class='ocr_line' id='line_1_27' title="bbox 224 3146 1373 3233; baseline 0 -22"><span class='ocrx_word' id='word_1_216' title='bbox 224 3149 311 3218; x_wconf 93' lang='lat' dir='ltr'>dum,</span> <span class='ocrx_word' id='word_1_217' title='bbox 340 3148 378 3210; x_wconf 89' lang='lat' dir='ltr'>de</span> <span class='ocrx_word' id='word_1_218' title='bbox 408 3169 469 3210; x_wconf 91' lang='lat' dir='ltr'>uno</span> <span class='ocrx_word' id='word_1_219' title='bbox 496 3147 640 3211; x_wconf 88' lang='lat' dir='ltr'>Custode</span> <span class='ocrx_word' id='word_1_220' title='bbox 670 3160 701 3210; x_wconf 86' lang='lat' dir='ltr'>et</span> <span class='ocrx_word' id='word_1_221' title='bbox 730 3147 846 3233; x_wconf 87' lang='lat' dir='ltr'>viginti</span> <span class='ocrx_word' id='word_1_222' title='bbox 884 3146 1091 3220; x_wconf 87' lang='lat' dir='ltr'>scholaribus,</span> <span class='ocrx_word' id='word_1_223' title='bbox 1122 3149 1156 3212; x_wconf 92' lang='lat' dir='ltr'>in</span> <span class='ocrx_word' id='word_1_224' title='bbox 1184 3148 1269 3210; x_wconf 88' lang='lat' dir='ltr'>dicta</span> <span class='ocrx_word' id='word_1_225' title='bbox 1298 3149 1373 3211; x_wconf 89' lang='lat' dir='ltr'>villa</span> 
     </span>
    </p>

    <p class='ocr_par' dir='ltr' id='par_1_19' title="bbox 226 3202 1374 3336">
     <span class='ocr_line' id='line_1_28' title="bbox 226 3202 1374 3336; baseline -0.003 -38"><span class='ocrx_word' id='word_1_226' title='bbox 226 3233 350 3298; x_wconf 87' lang='lat' dir='ltr'>Oxonia</span> <span class='ocrx_word' id='word_1_227' title='bbox 379 3244 411 3296; x_wconf 89' lang='lat' dir='ltr'>et</span> <span class='ocrx_word' id='word_1_228' title='bbox 441 3231 656 3296; x_wconf 84' lang='lat' dir='ltr'>Universitate</span> <span class='ocrx_word' id='word_1_229' title='bbox 684 3202 823 3317; x_wconf 89' lang='lat' dir='ltr'>ejusdem</span> <span class='ocrx_word' id='word_1_230' title='bbox 854 3236 1023 3336; x_wconf 80' lang='lat' dir='ltr'>mansuris,</span> <span class='ocrx_word' id='word_1_231' title='bbox 1053 3236 1092 3296; x_wconf 89' lang='lat' dir='ltr'>ad</span> <span class='ocrx_word' id='word_1_232' title='bbox 1123 3235 1315 3297; x_wconf 90' lang='lat' dir='ltr'>studendum</span> <span class='ocrx_word' id='word_1_233' title='bbox 1344 3244 1374 3297; x_wconf 91' lang='lat' dir='ltr'>et</span> 
     </span>
    </p>

    <p class='ocr_par' dir='ltr' id='par_1_20' title="bbox 225 3319 1373 3406">
     <span class='ocr_line' id='line_1_29' title="bbox 225 3319 1373 3406; baseline -0.001 -23"><span class='ocrx_word' id='word_1_234' title='bbox 225 3322 379 3384; x_wconf 88' lang='lat' dir='ltr'>orandum</span> <span class='ocrx_word' id='word_1_235' title='bbox 394 3341 452 3403; x_wconf 93' lang='lat' dir='ltr'>pro</span> <span class='ocrx_word' id='word_1_236' title='bbox 468 3319 585 3384; x_wconf 90' lang='lat' dir='ltr'>salubri</span> <span class='ocrx_word' id='word_1_237' title='bbox 602 3329 684 3382; x_wconf 89' lang='lat' dir='ltr'>statu</span> <span class='ocrx_word' id='word_1_238' title='bbox 698 3321 969 3404; x_wconf 88' lang='lat' dir='ltr'>nostroetetipsius</span> <span class='ocrx_word' id='word_1_239' title='bbox 984 3322 1156 3406; x_wconf 88' lang='lat' dir='ltr'>compatris</span> <span class='ocrx_word' id='word_1_240' title='bbox 1172 3337 1238 3383; x_wconf 89' lang='lat' dir='ltr'>nost</span> <span class='ocrx_word' id='word_1_241' title='bbox 1245 3344 1284 3390; x_wconf 86' lang='lat' dir='ltr'>rr</span> <span class='ocrx_word' id='word_1_242' title='bbox 1296 3322 1373 3383; x_wconf 91' lang='lat' dir='ltr'>dum</span> 
     </span>
    </p>

    <p class='ocr_par' dir='ltr' id='par_1_21' title="bbox 225 3406 1374 3492">
     <span class='ocr_line' id='line_1_30' title="bbox 225 3406 1374 3492; baseline -0.002 -22"><span class='ocrx_word' id='word_1_243' title='bbox 225 3407 407 3475; x_wconf 86' lang='lat' dir='ltr'>vixerimus,</span> <span class='ocrx_word' id='word_1_244' title='bbox 421 3417 452 3468; x_wconf 89' lang='lat' dir='ltr'>et</span> <span class='ocrx_word' id='word_1_245' title='bbox 474 3406 644 3468; x_wconf 88' lang='lat' dir='ltr'>animabus</span> <span class='ocrx_word' id='word_1_246' title='bbox 670 3408 784 3470; x_wconf 89' lang='lat' dir='ltr'>uostris</span> <span class='ocrx_word' id='word_1_247' title='bbox 801 3429 870 3470; x_wconf 89' lang='lat' dir='ltr'>cum</span> <span class='ocrx_word' id='word_1_248' title='bbox 897 3409 937 3471; x_wconf 88' lang='lat' dir='ltr'>ab</span> <span class='ocrx_word' id='word_1_249' title='bbox 959 3408 1017 3471; x_wconf 89' lang='lat' dir='ltr'>hac</span> <span class='ocrx_word' id='word_1_250' title='bbox 1040 3408 1106 3472; x_wconf 90' lang='lat' dir='ltr'>luce</span> <span class='ocrx_word' id='word_1_251' title='bbox 1121 3408 1374 3492; x_wconf 83' lang='lat' dir='ltr'>migraverimus,</span> 
     </span>
    </p>

    <p class='ocr_par' dir='ltr' id='par_1_22' title="bbox 225 3492 1374 3577">
     <span class='ocr_line' id='line_1_31' title="bbox 225 3492 1374 3577; baseline -0.001 -23"><span class='ocrx_word' id='word_1_252' title='bbox 225 3515 262 3556; x_wconf 89' lang='lat' dir='ltr'>ac</span> <span class='ocrx_word' id='word_1_253' title='bbox 287 3493 456 3555; x_wconf 89' lang='lat' dir='ltr'>animabus</span> <span class='ocrx_word' id='word_1_254' title='bbox 486 3492 588 3575; x_wconf 91' lang='lat' dir='ltr'>ipsius</span> <span class='ocrx_word' id='word_1_255' title='bbox 617 3492 787 3556; x_wconf 86' lang='lat' dir='ltr'>clarissimi</span> <span class='ocrx_word' id='word_1_256' title='bbox 810 3494 970 3577; x_wconf 91' lang='lat' dir='ltr'>principis</span> <span class='ocrx_word' id='word_1_257' title='bbox 993 3495 1095 3577; x_wconf 89' lang='lat' dir='ltr'>patris</span> <span class='ocrx_word' id='word_1_258' title='bbox 1120 3495 1218 3557; x_wconf 89' lang='lat' dir='ltr'>nostri</span> <span class='ocrx_word' id='word_1_259' title='bbox 1242 3494 1374 3556; x_wconf 86' lang='lat' dir='ltr'>Thomae</span> 
     </span>
    </p>

    <p class='ocr_par' dir='ltr' id='par_1_23' title="bbox 225 3577 1373 3662">
     <span class='ocr_line' id='line_1_32' title="bbox 225 3577 1373 3662; baseline -0.001 -21"><span class='ocrx_word' id='word_1_260' title='bbox 225 3600 326 3662; x_wconf 87' lang='lat' dir='ltr'>nuper</span> <span class='ocrx_word' id='word_1_261' title='bbox 357 3579 461 3640; x_wconf 86' lang='lat' dir='ltr'>Ducis</span> <span class='ocrx_word' id='word_1_262' title='bbox 487 3577 671 3656; x_wconf 80' lang='lat' dir='ltr'>Clarenciae,</span> <span class='ocrx_word' id='word_1_263' title='bbox 702 3579 851 3643; x_wconf 89' lang='lat' dir='ltr'>avunculi</span> <span class='ocrx_word' id='word_1_264' title='bbox 879 3580 990 3658; x_wconf 90' lang='lat' dir='ltr'>nostri,</span> <span class='ocrx_word' id='word_1_265' title='bbox 1026 3581 1167 3654; x_wconf 92' lang='lat' dir='ltr'>Ducum,</span> <span class='ocrx_word' id='word_1_266' title='bbox 1195 3579 1373 3654; x_wconf 90' lang='lat' dir='ltr'>Comitum,</span> 
     </span>
    </p>

    <p class='ocr_par' dir='ltr' id='par_1_24' title="bbox 225 3664 1372 3749">
     <span class='ocr_line' id='line_1_33' title="bbox 225 3664 1372 3749; baseline -0.002 -22.993"><span class='ocrx_word' id='word_1_267' title='bbox 225 3665 396 3734; x_wconf 80' lang='lat' dir='ltr'>Beronum,</span> <span class='ocrx_word' id='word_1_268' title='bbox 420 3664 557 3726; x_wconf 90' lang='lat' dir='ltr'>militum</span> <span class='ocrx_word' id='word_1_269' title='bbox 504 3664 824 3748; x_wconf 78' lang='lat' dir='ltr'>umarmigerorum,</span> <span class='ocrx_word' id='word_1_270' title='bbox 851 3677 880 3726; x_wconf 92' lang='lat' dir='ltr'>et</span> <span class='ocrx_word' id='word_1_271' title='bbox 910 3667 1107 3728; x_wconf 91' lang='lat' dir='ltr'>subditorum</span> <span class='ocrx_word' id='word_1_272' title='bbox 1139 3665 1372 3749; x_wconf 71' lang='lat' dir='ltr'>pradictomm,</span> 
     </span>
    </p>

    <p class='ocr_par' dir='ltr' id='par_1_25' title="bbox 227 3749 1373 3834">
     <span class='ocr_line' id='line_1_34' title="bbox 227 3749 1373 3834; baseline -0.003 -21"><span class='ocrx_word' id='word_1_273' title='bbox 227 3772 262 3813; x_wconf 87' lang='lat' dir='ltr'>ao</span> <span class='ocrx_word' id='word_1_274' title='bbox 293 3749 462 3812; x_wconf 87' lang='lat' dir='ltr'>animabus</span> <span class='ocrx_word' id='word_1_275' title='bbox 491 3750 637 3812; x_wconf 84' lang='lat' dir='ltr'>omniurn</span> <span class='ocrx_word' id='word_1_276' title='bbox 667 3749 811 3813; x_wconf 88' lang='lat' dir='ltr'>fidelium</span> <span class='ocrx_word' id='word_1_277' title='bbox 841 3750 1067 3824; x_wconf 77' lang='lat' dir='ltr'>defunctorum,</span> <span class='ocrx_word' id='word_1_278' title='bbox 1093 3773 1188 3833; x_wconf 87' lang='lat' dir='ltr'>super</span> <span class='ocrx_word' id='word_1_279' title='bbox 1215 3750 1373 3834; x_wconf 87' lang='lat' dir='ltr'>quoddam</span> 
     </span>
    </p>

    <p class='ocr_par' dir='ltr' id='par_1_26' title="bbox 227 3833 1373 3920">
     <span class='ocr_line' id='line_1_35' title="bbox 227 3833 1373 3920; baseline -0.002 -23"><span class='ocrx_word' id='word_1_280' title='bbox 227 3836 444 3920; x_wconf 87' lang='lat' dir='ltr'>messuagium</span> <span class='ocrx_word' id='word_1_281' title='bbox 469 3848 613 3897; x_wconf 86' lang='lat' dir='ltr'>vocaturn</span> <span class='ocrx_word' id='word_1_282' title='bbox 639 3835 716 3898; x_wconf 87' lang='lat' dir='ltr'>Ber</span> <span class='ocrx_word' id='word_1_283' title='bbox 713 3837 804 3898; x_wconf 91' lang='lat' dir='ltr'>ordes</span> <span class='ocrx_word' id='word_1_284' title='bbox 827 3833 938 3916; x_wconf 88' lang='lat' dir='ltr'>Halle,</span> <span class='ocrx_word' id='word_1_285' title='bbox 954 3859 1055 3919; x_wconf 91' lang='lat' dir='ltr'>nuper</span> <span class='ocrx_word' id='word_1_286' title='bbox 1076 3852 1220 3898; x_wconf 86' lang='lat' dir='ltr'>vocaturn</span> <span class='ocrx_word' id='word_1_287' title='bbox 1243 3834 1373 3898; x_wconf 89' lang='lat' dir='ltr'>Charle·</span> 
     </span>
    </p>

    <p class='ocr_par' dir='ltr' id='par_1_27' title="bbox 226 3921 1371 4004">
     <span class='ocr_line' id='line_1_36' title="bbox 226 3921 1371 4004; baseline -0.002 -21"><span class='ocrx_word' id='word_1_288' title='bbox 226 3921 362 3997; x_wconf 78' lang='lat' dir='ltr'>tonsvn&#39;‚</span> <span class='ocrx_word' id='word_1_289' title='bbox 378 3943 430 3982; x_wconf 86' lang='lat' dir='ltr'>sex</span> <span class='ocrx_word' id='word_1_290' title='bbox 448 3921 577 4004; x_wconf 91' lang='lat' dir='ltr'>shopas,</span> <span class='ocrx_word' id='word_1_291' title='bbox 592 3931 621 3982; x_wconf 88' lang='lat' dir='ltr'>et</span> <span class='ocrx_word' id='word_1_292' title='bbox 645 3943 741 3984; x_wconf 87' lang='lat' dir='ltr'>unam</span> <span class='ocrx_word' id='word_1_293' title='bbox 760 3922 904 4004; x_wconf 90' lang='lat' dir='ltr'>placeam</span> <span class='ocrx_word' id='word_1_294' title='bbox 926 3945 1055 3985; x_wconf 90' lang='lat' dir='ltr'>vacuam</span> <span class='ocrx_word' id='word_1_295' title='bbox 1079 3922 1194 3984; x_wconf 89' lang='lat' dir='ltr'>eisdem</span> <span class='ocrx_word' id='word_1_296' title='bbox 1216 3943 1371 3983; x_wconf 86' lang='lat' dir='ltr'>annexam</span> 
     </span>
    </p>

    <p class='ocr_par' dir='ltr' id='par_1_28' title="bbox 226 4006 1373 4091">
     <span class='ocr_line' id='line_1_37' title="bbox 226 4006 1373 4091; baseline -0.001 -22"><span class='ocrx_word' id='word_1_297' title='bbox 226 4007 260 4069; x_wconf 90' lang='lat' dir='ltr'>in</span> <span class='ocrx_word' id='word_1_298' title='bbox 276 4006 413 4075; x_wconf 88' lang='lat' dir='ltr'>Oxouia,</span> <span class='ocrx_word' id='word_1_299' title='bbox 430 4029 528 4090; x_wconf 91' lang='lat' dir='ltr'>super</span> <span class='ocrx_word' id='word_1_300' title='bbox 542 4006 701 4089; x_wconf 89' lang='lat' dir='ltr'>quoddam</span> <span class='ocrx_word' id='word_1_301' title='bbox 717 4008 892 4070; x_wconf 90' lang='lat' dir='ltr'>cornerium</span> <span class='ocrx_word' id='word_1_302' title='bbox 911 4030 948 4069; x_wconf 89' lang='lat' dir='ltr'>ex</span> <span class='ocrx_word' id='word_1_303' title='bbox 962 4008 1111 4091; x_wconf 90' lang='lat' dir='ltr'>opposito</span> <span class='ocrx_word' id='word_1_304' title='bbox 1125 4007 1200 4070; x_wconf 88' lang='lat' dir='ltr'>finis</span> <span class='ocrx_word' id='word_1_305' title='bbox 1215 4007 1310 4069; x_wconf 88' lang='lat' dir='ltr'>orient</span> <span class='ocrx_word' id='word_1_306' title='bbox 1298 4007 1373 4069; x_wconf 89' lang='lat' dir='ltr'>talis</span> 
     </span>
    </p>

    <p class='ocr_par' dir='ltr' id='par_1_29' title="bbox 226 4091 1374 4177">
     <span class='ocr_line' id='line_1_38' title="bbox 226 4091 1374 4177; baseline -0.001 -22"><span class='ocrx_word' id='word_1_307' title='bbox 226 4093 368 4155; x_wconf 84' lang='lat' dir='ltr'>ecclesiae</span> <span class='ocrx_word' id='word_1_308' title='bbox 398 4092 494 4154; x_wconf 76' lang='lat' dir='ltr'>beatae</span> <span class='ocrx_word' id='word_1_309' title='bbox 524 4091 638 4155; x_wconf 75' lang='lat' dir='ltr'>Maria</span> <span class='ocrx_word' id='word_1_310' title='bbox 662 4091 855 4177; x_wconf 87' lang='lat' dir='ltr'>Virginis,</span> <span class='ocrx_word' id='word_1_311' title='bbox 846 4115 880 4154; x_wconf 89' lang='grc' dir='ltr'>ιιι</span> <span class='ocrx_word' id='word_1_312' title='bbox 908 4094 989 4156; x_wconf 92' lang='lat' dir='ltr'>vicis</span> <span class='ocrx_word' id='word_1_313' title='bbox 1019 4094 1137 4156; x_wconf 90' lang='lat' dir='ltr'>vocatis</span> <span class='ocrx_word' id='word_1_314' title='bbox 1158 4093 1315 4156; x_wconf 87' lang='lat' dir='ltr'>Catstrete</span> <span class='ocrx_word' id='word_1_315' title='bbox 1342 4104 1374 4154; x_wconf 88' lang='lat' dir='ltr'>et</span> 
     </span>
    </p>

    <p class='ocr_par' dir='ltr' id='par_1_30' title="bbox 227 4176 1374 4262">
     <span class='ocr_line' id='line_1_39' title="bbox 227 4176 1374 4262; baseline 0 -22"><span class='ocrx_word' id='word_1_316' title='bbox 227 4178 317 4240; x_wconf 91' lang='lat' dir='ltr'>Seiut</span> <span class='ocrx_word' id='word_1_317' title='bbox 305 4176 545 4262; x_wconf 88' lang='lat' dir='ltr'>tMaryestrete,</span> <span class='ocrx_word' id='word_1_318' title='bbox 561 4177 721 4240; x_wconf 87' lang='lat' dir='ltr'>continent</span> <span class='ocrx_word' id='word_1_319' title='bbox 722 4200 771 4240; x_wconf 90' lang='lat' dir='ltr'>em</span> <span class='ocrx_word' id='word_1_320' title='bbox 786 4178 1014 4258; x_wconf 82' lang='lat' dir='ltr'>longitudinem</span> <span class='ocrx_word' id='word_1_321' title='bbox 1031 4192 1155 4243; x_wconf 89' lang='lat' dir='ltr'>centum</span> <span class='ocrx_word' id='word_1_322' title='bbox 1172 4180 1374 4262; x_wconf 87' lang='lat' dir='ltr'>septuaginta</span> 
     </span>
    </p>
   </div>
   <div class='ocr_carea' id='block_1_4' title="bbox 226 4262 1374 4435">
    <p class='ocr_par' dir='ltr' id='par_1_31' title="bbox 226 4262 1374 4435">
     <span class='ocr_line' id='line_1_40' title="bbox 226 4262 1374 4365; baseline 0.002 -39"><span class='ocrx_word' id='word_1_323' title='bbox 226 4265 360 4328; x_wconf 89' lang='lat' dir='ltr'>duorum</span> <span class='ocrx_word' id='word_1_324' title='bbox 383 4264 503 4365; x_wconf 82' lang='lat' dir='ltr'>pedum</span> <span class='ocrx_word' id='word_1_325' title='bbox 528 4275 559 4326; x_wconf 92' lang='lat' dir='ltr'>et</span> <span class='ocrx_word' id='word_1_326' title='bbox 581 4262 781 4327; x_wconf 89' lang='lat' dir='ltr'>latitudinem</span> <span class='ocrx_word' id='word_1_327' title='bbox 808 4278 934 4326; x_wconf 89' lang='lat' dir='ltr'>centum</span> <span class='ocrx_word' id='word_1_328' title='bbox 961 4266 1123 4351; x_wconf 88' lang='lat' dir='ltr'>sexaginta</span> <span class='ocrx_word' id='word_1_329' title='bbox 1151 4266 1278 4350; x_wconf 90' lang='lat' dir='ltr'>pedum,</span> <span class='ocrx_word' id='word_1_330' title='bbox 1304 4288 1374 4351; x_wconf 85' lang='lat' dir='ltr'>quae</span> 
     </span>
     <span class='ocr_line' id='line_1_41' title="bbox 226 4349 1374 4435; baseline 0.001 -21"><span class='ocrx_word' id='word_1_331' title='bbox 226 4350 447 4415; x_wconf 85' lang='lat' dir='ltr'>ordinatione</span> <span class='ocrx_word' id='word_1_332' title='bbox 439 4349 541 4434; x_wconf 77' lang='lat' dir='ltr'>ipsius</span> <span class='ocrx_word' id='word_1_333' title='bbox 566 4350 739 4433; x_wconf 84' lang='lat' dir='ltr'>compatris</span> <span class='ocrx_word' id='word_1_334' title='bbox 761 4351 859 4414; x_wconf 88' lang='lat' dir='ltr'>nostri</span> <span class='ocrx_word' id='word_1_335' title='bbox 884 4374 986 4435; x_wconf 87' lang='lat' dir='ltr'>nuper</span> <span class='ocrx_word' id='word_1_336' title='bbox 1007 4353 1175 4416; x_wconf 89' lang='lat' dir='ltr'>habuimus</span> <span class='ocrx_word' id='word_1_337' title='bbox 1194 4373 1233 4414; x_wconf 88' lang='lat' dir='ltr'>ex</span> <span class='ocrx_word' id='word_1_338' title='bbox 1247 4374 1374 4416; x_wconf 88' lang='lat' dir='ltr'>conces-</span> 
     </span>
    </p>
   </div>
   <div class='ocr_carea' id='block_1_5' title="bbox 0 0 1518 4898">
    <p class='ocr_par' dir='ltr' id='par_1_32' title="bbox 0 0 1518 4898">
     <span class='ocr_line' id='line_1_42' title="bbox 0 0 1518 4898; baseline 0 0"><span class='ocrx_word' id='word_1_339' title='bbox 0 0 1518 4898; x_wconf 95' lang='lat' dir='ltr'> </span> 
     </span>
    </p>
   </div>
  </div>
 </body>
</html>
