3014 4898
151 214 236 286 ’102
518 222 576 288 All
591 223 682 288 Souls
701 221 829 309 Colleqe,
849 223 977 310 Oaford.

174 394 277 468 suerit,
292 417 348 479 per
360 395 484 459 eosdem
500 393 532 456 in
548 406 698 459 conventu
716 393 856 479 quolibet
870 395 1020 460 Custodia
1033 404 1065 458 et
1079 393 1241 458 Sociorum
1255 413 1329 476 pro-

175 481 249 544 duci
263 482 389 566 poterit.
437 482 480 545 Et
505 480 545 560 si,
561 481 657 564 eulpa
680 497 734 545 aut
754 480 948 568 negligentia
963 480 1113 547 Custodis
1135 503 1193 543 seu
1210 479 1329 543 Bursa-

176 567 305 647 riorum‚
336 568 384 631 vel
413 566 543 633 alterius
569 567 657 631 Socii
686 565 913 653 cujuscunque,
937 568 1173 653 praemissorum
1203 564 1329 649 aliquid

176 654 350 736 omittatur,
365 655 422 740 qui
446 655 481 717 in
505 677 542 716 ea
562 669 653 738 parte
677 654 846 738 deliquerit
861 679 996 740 prunam,
1012 654 1045 716 in
1073 664 1191 718 statuto
1203 654 1241 716 de
1256 674 1329 714 cus-

175 740 264 804 todia
279 742 456 806 communis
472 740 574 825 sigilli
587 750 619 804 et
635 736 903 820 munimentorum
915 742 955 806 ad
971 739 1153 823 Collegium
1169 736 1328 823 pertiuen-

177 826 260 889 tium
275 828 499 913 praescriptam,
515 827 669 890 incurrere
684 822 914 912 volumnsipso
923 830 1021 892 lacto.
1067 827 1110 890 Et
1125 839 1168 902 ut,
1181 823 1327 909 posthac,

178 912 219 977 de
233 913 381 977 absentiis
396 914 561 976 Sociorum
576 913 621 976 vel
639 913 830 1000 scholarium
844 919 876 978 et
891 912 1065 999 prasentiis
1080 910 1187 996 magis
1201 921 1329 985 constet,

177 1019 235 1063 nec
248 999 288 1063 de
302 1000 527 1064 monitionibus
539 1010 568 1061 et
583 992 861 1085 aggravati‘anibtis
876 1022 1037 1084 poenarum
1047 997 1184 1064 dubium
1199 997 1330 1080 aliquod

178 1085 305 1166 existat,
320 1084 517 1185 injungimus
540 1096 570 1148 et
594 1069 779 1172 mandamus
794 1087 879 1170 quod
896 1087 961 1149 duo
981 1085 1095 1149 dehinc
1116 1085 1157 1148 ad
1182 1083 1330 1167 praedicta

178 1171 371 1257 registranda
386 1173 445 1235 ahi
459 1172 533 1235 libri
549 1162 787 1262 comparentun
808 1173 842 1235 in
857 1195 990 1268 quorum
1005 1194 1078 1250 uno,
1088 1193 1144 1255 per
1162 1169 1331 1233 Bursarios

179 1258 393 1336 custodiendo,
409 1257 478 1322 dies
501 1252 655 1341 erens-et
677 1259 797 1322 reditus
818 1280 1034 1342 cujuscunque
1059 1256 1146 1322 Socii
1170 1254 1218 1320 vel
1238 1255 1331 1318 scho-

179 1342 257 1406 laris
282 1367 338 1426 per
367 1344 496 1423 Sosium
514 1341 574 1406 ’si'c
589 1337 758 1408 ¹exeuntem
782 1346 845 1408 sive
868 1346 1049 1408 redeuntem
1072 1342 1271 1442 mgistratum
1295 1341 1330 1404 in

179 1428 244 1492 alio
259 1429 350 1508 libro,
360 1435 581 1519 ‚quem-‚penes
597 1429 769 1494 Custodem
787 1431 833 1494 vel
849 1428 896 1515 (in
921 1429 987 1514 ejns
1002 1428 1161 1513 absentia)
1176 1426 1331 1492 Vicecus-

178 1516 284 1578 todem
308 1527 434 1599 semper
451 1510 615 1581 ‘remanere
630 1517 782 1596 volumus,
798 1518 987 1581 monitiones
1007 1536 1201 1601 quaecunque
1225 1513 1331 1577 Sociis

180 1602 229 1667 rel
248 1594 446 1682 sclioi'ailbus
469 1625 526 1686 per
550 1602 724 1667 Custodem
747 1604 864 1667 aliosve
887 1603 1065 1682 officiarios,
1085 1599 1177 1684 juxta
1191 1598 1332 1686 Collegii

165 1682 410 1780 ‚statiit'apdatm
428 1711 547 1752 necnon
563 1690 691 1752 illorum
706 1689 893 1754 delictorum
908 1711 1020 1773 poenoe,
1042 1689 1096 1750 ubi
1111 1710 1149 1750 ex
1165 1685 1331 1749 iteratione

133 1813 152 1846 ¹.
170 1775 364 1860 aggravatio
380 1799 418 1838 ex
433 1775 548 1840 statuti
563 1776 614 1839 vel
630 1774 833 1858 injunctionis
848 1774 984 1858 alicujus
998 1776 1122 1838 decreto
1136 1772 1332 1856 imponenda

160 1853 237 1938 ‘bst,
258 1860 458 1940 insinuentur,
473 1874 503 1925 et
526 1884 545 1923 a
568 1862 852 1945 subscriptionibus
876 1861 1041 1933 Custodia,
1064 1859 1113 1923 vel
1136 1859 1169 1923 in
1184 1855 1253 1940 ejus
1275 1859 1331 1924 ab·

180 1946 284 2009 sentia
298 1945 529 2025 Vicecustodis,
545 1958 575 2010 et
589 1948 719 2010 alterius
735 1948 947 2020 Decanorum,
964 1947 1155 2010 muniantur.

229 2032 276 2094 15.
302 2029 502 2117 Injungimns
518 2033 626 2112 etiam,
638 2044 670 2096 et
685 2033 900 2118 praecipiendo
915 2032 1207 2115 mandamus‚qnod
1221 2028 1334 2092 dimis-

181 2116 284 2182 siones
304 2130 333 2180 et
356 2118 539 2182 traditiones
567 2131 729 2200 terrarum,
750 2121 922 2201 firmarum,
944 2130 1203 2188 tenementorum,
1229 2115 1330 2178 eccle-

181 2203 301 2267 siarum
331 2205 617 2289 appropriatamm,
647 2206 920 2291 maneriorumque
957 2205 1154 2288 aliorumque
1181 2223 1332 2286 quorum·

182 2311 304 2374 cunque
320 2293 360 2354 ad
374 2290 496 2355 dictum
512 2291 697 2376 Collegium
719 2293 943 2377 pertinentium
962 2290 1094 2392 [fiunti]
1119 2286 1333 2354 tantummodo

182 2375 230 2438 bis
245 2376 278 2438 in
302 2399 395 2456 anno,
410 2377 567 2456 videlicet,
592 2378 674 2442 infra
688 2380 928 2462 quatuordecim
945 2381 1015 2442 dies
1039 2389 1111 2460 post
1134 2376 1248 2439 testum
1262 2373 1333 2439 An-

183 2463 394 2527 nuntiationis
417 2464 524 2528 Beatae
552 2465 668 2529 Maria
683 2466 828 2550 Virginis
850 2478 881 2529 et
908 2464 1018 2528 Sancti
1033 2461 1207 2526 Michaelis
1227 2459 1332 2523 Arch-

183 2549 306 2633 angeli:
332 2572 400 2633 quae
415 2562 557 2635 tempora
573 2552 713 2614 maxime
728 2565 910 2636 opportuna
924 2548 1128 2635 expediendis
1146 2545 1333 2629 hujusmodi

185 2631 325 2718 Collegii
341 2636 475 2718 negotiis
498 2636 696 2700 arbitramur.
742 2637 956 2699 Admonentes
972 2637 1143 2699 Custodem
1167 2646 1197 2695 et
1222 2632 1332 2696 Socios

182 2732 227 2789 ut,
243 2718 278 2781 iu
293 2719 468 2782 istiusmodi
484 2721 694 2785 locationibus
708 2733 740 2784 et
751 2722 994 2786 dimissionibus
1009 2719 1172 2799 faciendis,
1187 2719 1333 2803 antiquos

68 2813 75 2823 '
184 2802 314 2887 Collegii
331 2815 468 2873 tenentes
484 2820 515 2868 et
530 2806 685 2870 firmarios
701 2808 822 2870 caeteris
836 2810 1014 2893 petentibus
1026 2819 1057 2870 et
1073 2806 1333 2891 praesentantibus

183 2901 380 2973 anteponant,
404 2892 578 2974 praesertim
605 2893 680 2956 illos
704 2894 856 2957 firmarios
885 2895 941 2978 qui
957 2893 1095 2958 familias
1117 2893 1150 2955 in
1178 2890 1332 2970 rectoriis,

183 2976 329 3037 maneriis
352 2986 383 3037 et
404 2977 478 3039 aliis
502 2980 685 3042 tenementis
710 2979 775 3043 sibi
799 2981 950 3055 dimissis,
966 2982 1065 3052 alunt,
1082 2990 1136 3041 aut
1151 2978 1231 3041 alios
1251 2977 1333 3042 dicti
1439 3028 1442 3033 .

184 3059 319 3146 Collegii
343 3061 455 3126 fundos
480 3062 512 3125 in
530 3066 675 3129 manibus
699 3066 765 3128 suis
784 3078 898 3137 tenent,
923 3068 952 3128 si
970 3069 1049 3130 bene
1072 3088 1104 3128 se
1128 3075 1232 3152 gerant
1256 3085 1332 3148 erga

183 3146 378 3233 Collegium,
403 3160 433 3211 et
456 3150 560 3232 parati
580 3151 705 3232 fuerint,
729 3162 824 3235 prout
839 3151 978 3238 Collegii
1001 3154 1202 3215 commodum
1221 3159 1331 3234 postu·

182 3233 302 3314 laverit,
318 3256 377 3298 non
405 3234 512 3299 minus
527 3259 623 3320 quam
646 3239 711 3312 alii,
726 3261 784 3334 pro
804 3239 917 3320 finibus
943 3251 1101 3323 praestare.
1148 3235 1332 3319 Ac'praeci·

182 3321 303 3402 pientes
318 3323 412 3383 etiam
437 3324 519 3385 acin
540 3324 676 3387 Domino
699 3326 898 3411 injungentes
921 3349 961 3388 ne
979 3348 1050 3409 quae
1064 3325 1105 3387 ad
1131 3322 1336 3393 commodum

183 3404 325 3493 Collegii
348 3420 378 3470 et
398 3410 658 3473 sustentationem
674 3411 836 3474 Sociorum
861 3426 890 3476 et
905 3411 1094 3474 scholarium
1117 3418 1334 3493 pauperuma

182 3491 271 3555 bonae
287 3494 446 3559 memoriae
474 3495 503 3560 F
505 3496 655 3560 undatore
681 3508 865 3580 comparata
878 3513 910 3561 et
932 3497 1044 3561 relicta
1062 3497 1185 3575 fuerint,
1201 3495 1248 3559 vel
1269 3494 1333 3558 im·
1442 3571 1444 3574 .

182 3578 311 3661 proiide
341 3580 499 3664 dissipent
529 3582 577 3645 vel
602 3583 700 3668 gratis
730 3585 878 3667 cuiqnam
905 3584 1097 3660 concedant3
1120 3583 1177 3645 sed
1200 3581 1230 3644 si
1253 3582 1333 3645 bene

181 3666 311 3729 merenti
337 3689 485 3749 reponere
511 3669 722 3732 affectaverint
737 3681 767 3732 et
782 3671 827 3732 illi
846 3670 905 3752 (vel
931 3669 1019 3733 nullo
1035 3669 1081 3732 vel
1107 3667 1225 3755 exiguo
1249 3689 1332 3750 prae·

181 3749 255 3811 stite
279 3752 355 3838 fine)
369 3753 541 3836 quicquam
557 3755 596 3818 de
620 3755 782 3838 praedictis
797 3756 957 3820 dimittere
973 3778 1028 3819 seu
1051 3754 1156 3817 locare
1171 3751 1331 3816 desidera·

181 3835 292 3906 verint,
307 3837 366 3900 hoc
386 3862 585 3923 nequaquam
600 3841 728 3920 saciant,
744 3841 923 3905 inconsulto
937 3843 1064 3907 domino
1079 3836 1332 3921 Archiepiscopo

182 3919 412 4000 cantuariensi,
437 3947 496 4008 pro
520 3939 659 4009 tempore
683 3928 851 4009 existente,
870 3929 953 3991 dicti
979 3925 1120 4010 Collegii
1144 3939 1277 4007 patrono
1299 3930 1331 3986 et

180 4006 279 4069 altero
302 4008 492 4074 Fundatore.
538 4011 756 4088 Decemimus,
781 4015 920 4098 insuper,
950 4025 982 4077 et
1007 4010 1193 4075 mandamus
1219 4020 1264 4085 ut,
1290 4029 1331 4068 ex

178 4102 327 4154 terrarum
358 4117 396 4157 ac
426 4097 616 4179 praediorum
654 4123 726 4183 quae
757 4102 800 4163 ad
831 4100 1008 4186 Collegium
1039 4105 1182 4180 spectant
1216 4092 1333 4159 dimis-

178 4177 323 4249 sionibus
337 4201 533 4266 quaecunque
545 4185 689 4267 pecunia,
705 4185 811 4273 sigilli
825 4211 880 4251 seu
896 4185 944 4270 (ut
962 4180 1087 4262 vocant)
1104 4180 1176 4242 finis
1190 4178 1329 4258 nomint,
1418 4254 1421 4259 ,

177 4264 270 4337 fuerit
294 4281 452 4350 percepta,
468 4268 556 4332 illius
581 4270 704 4335 tertiam
729 4284 851 4357 partem
874 4273 1008 4336 habeant
1023 4269 1142 4331 Custos
1166 4278 1198 4329 et
1219 4265 1330 4343 Socii;

176 4349 298 4436 reliqua
321 4374 391 4416 vero
413 4354 454 4416 ad
480 4353 629 4437 publicos
653 4357 791 4445 Collegii
810 4382 885 4422 usus
907 4364 1113 4433 convertatur,
1128 4363 1163 4416 ut
1189 4352 1332 4440 Collegii

176 4438 345 4529 mitet
368 4439 581 4525 mutaverit,
594 4462 662 4507 nou
681 4445 781 4510 aliam
796 4445 837 4511 ob
852 4466 980 4511 causam
1008 4440 1178 4530 eroganda.
1225 4439 1331 4520 Quam
