3014 4898
244 264 306 331 uu
591 260 1051 349 arranemaamesea

242 435 415 520 ubicunque
445 435 581 501 sanctior
615 435 746 521 viguerit
776 433 951 519 disciplina,
980 434 1096 497 illicitae
1125 452 1250 518 semper
1278 431 1400 499 habire

243 521 365 600 nerine,
381 531 489 605 utpote
511 544 584 605 qua
610 521 805 589 haereditaria
831 520 1069 605 quodammodo
1093 518 1238 600 reddant,
1251 541 1325 604 qum
1337 542 1398 604 per

243 606 373 672 liberam
389 607 481 673 unius
496 630 515 671 s
529 607 635 671 multis
650 608 692 692 (si
708 607 775 671 fieri
790 606 900 691 possit)
917 605 1099 673 electionem
1121 605 1252 671 conteni
1267 605 1396 686 debent,

242 715 405 778 mersaque
421 693 660 759 nundinationes
672 706 701 759 et
717 693 843 757 sonlida
856 692 1046 757 commercia
1069 691 1102 757 in
1126 690 1338 759 Academiam
1364 701 1397 754 et

246 779 415 847 Ecclesiam
429 779 585 860 invehant,
599 780 646 847 vel
661 779 708 853 iis,
723 779 764 843 ad
779 778 959 858 minimum,
973 777 1162 843 latissimam
1178 788 1303 863 portem
1317 799 1395 863 ape·

243 877 340 946 reant,
363 866 504 949 adeoque
527 865 701 931 admixtam
724 865 839 933 habere
862 864 1035 946 videantur,
1058 862 1247 949 implicitam
1271 860 1394 944 saltem

244 951 386 1017 simonias
410 951 516 1017 labem
539 963 570 1017 et
584 951 787 1036 pravitatem.
834 948 972 1034 Cunqne
986 948 1154 1019 Fundator
1173 963 1278 1022 vester,
1293 949 1395 1015 batte

244 1038 412 1119 memoriae,
428 1037 541 1122 passim
556 1037 587 1101 in
600 1038 724 1103 statutis
736 1034 802 1101 suis
814 1048 930 1101 vestras
942 1037 1085 1101 omnium
1096 1036 1293 1101 conscientias
1307 1035 1394 1121 apud

245 1122 349 1189 Deum
363 1123 460 1187 altius
475 1123 655 1203 oneraverit,
670 1135 717 1201 nt,
731 1124 919 1189 cessantibus
941 1135 972 1187 et
994 1120 1178 1208 postpositis
1202 1143 1321 1201 amore,
1347 1122 1394 1184 la·

245 1231 328 1288 nore,
342 1208 548 1292 partialitate,
563 1207 945 1293 affectione,petsouarum
960 1207 1186 1293 acceptatione,
1195 1218 1289 1292 atque
1301 1228 1394 1275 occs-

243 1293 331 1361 sione
345 1317 534 1379 quacunque
548 1295 649 1380 precis
662 1307 719 1359 aut
734 1295 836 1380 pretii,
852 1296 1030 1379 cererisque
1044 1293 1206 1374 coloribus,
1223 1294 1394 1365 Scholama

244 1390 276 1448 et
291 1379 399 1445 Socios
411 1403 429 1444 e
443 1392 508 1446 tota
524 1381 660 1466 undique
674 1378 851 1447 Academia
871 1381 1027 1468 digniores
1044 1393 1078 1444 et
1095 1379 1260 1449 habiliores
1275 1379 1308 1447 in
1323 1378 1395 1445 loca

244 1466 384 1535 ruanis
412 1466 616 1537 assumendos
640 1465 682 1531 eli
725 1466 782 1543 tim
805 1490 877 1551 qua
899 1477 1022 1546 statuta,
1038 1465 1149 1535 omnia
1170 1477 1202 1531 et
1218 1464 1347 1553 singule
1360 1466 1393 1533 in

244 1551 363 1621 eisdem
385 1565 540 1633 contenta,
564 1575 665 1639 unusq
698 1576 774 1638 sque
796 1565 929 1619 vestrum
953 1552 1117 1617 solenniter
1138 1551 1219 1621 olim
1227 1551 1346 1637 juravit
1360 1574 1395 1623 ss

245 1659 300 1723 per
322 1638 433 1707 omnia
455 1639 673 1705 inviolabiliter
694 1642 938 1718 observaturum,
964 1651 1059 1722 atque
1081 1648 1118 1703 nt
1141 1639 1180 1705 ab
1204 1637 1271 1701 aliis
1292 1637 1394 1711 etiam

243 1724 447 1797 observentur
473 1727 641 1810 (quantum
664 1725 698 1790 in
722 1748 756 1791 se
775 1724 888 1810 ineest)
908 1725 1077 1805 lecturum,
1093 1723 1139 1787 vel
1153 1722 1275 1824 alioqui
1289 1744 1394 1808 poenar

245 1808 280 1875 in
305 1831 366 1879 non
390 1824 530 1896 parentes
552 1834 610 1896 per
635 1822 755 1876 statuta
778 1811 939 1875 ordinatas
964 1809 1032 1874 sine
1054 1809 1300 1874 contradicimus
1315 1830 1394 1893 qua·

244 1916 369 1980 cunque
383 1897 574 1963 subiturum:
601 1895 683 1977 Nos,
698 1895 806 1982 igitur,
823 1895 1090 1982 Archiepiscopus
1100 1895 1287 1975 antedictus,
1296 1917 1393 1980 quern

244 1981 340 2049 rastri
367 1981 506 2068 Collegii
529 1982 688 2047 Fundetur
710 1982 851 2067 ejusdem
876 2004 982 2047 mcum
997 1982 1266 2061 confundatorem,
1281 1981 1393 2051 Patro·

244 2086 330 2138 num,
370 2067 588 2145 visitatorem,
627 2079 657 2131 et
686 2078 879 2137 statutorum
908 2090 1039 2134 suornm
1076 2067 1291 2152 interpretem,
1326 2089 1395 2133 esse

242 2152 350 2229 voluit,
365 2176 420 2238 pro
435 2176 473 2217 ea
486 2176 559 2238 ques
572 2153 674 2220 bacin
695 2163 782 2238 parte
798 2154 953 2240 fungimur
974 2153 1167 2233 anctoritate,
1182 2153 1271 2217 vobis
1285 2163 1316 2215 et
1331 2154 1395 2225 sin·

242 2239 325 2325 gulis
347 2251 494 2320 vestrum,
520 2251 628 2303 tenore
654 2241 864 2326 presentium.
890 2239 1020 2304 firmiter
1045 2250 1076 2303 st
1102 2239 1255 2318 districte,
1279 2249 1311 2302 et
1334 2239 1394 2304 auls

243 2325 351 2391 debito
370 2325 554 2411 juramenti,
572 2324 718 2410 Collegiu
732 2325 876 2411 praestiti,
891 2325 1032 2410 adeoque
1058 2326 1117 2389 sub
1141 2347 1234 2410 poena
1249 2325 1394 2409 perjurii,

244 2411 292 2475 rel
308 2411 341 2479 in
358 2415 415 2478 boc
430 2411 544 2477 saeculo
557 2411 606 2475 vel
620 2413 718 2477 etiam
732 2413 773 2475 ad
786 2413 980 2479 tremendum
994 2411 1068 2477 olim
1094 2410 1244 2496 Supremi
1266 2411 1395 2476 dudicis

243 2498 381 2563 tribunal
408 2498 524 2572 luendi,
552 2498 761 2585 injungimus,
787 2519 827 2561 ne
852 2519 949 2581 quarn
963 2499 1162 2582 cujusquam,
1177 2496 1284 2569 lucum
1298 2519 1393 2569 sunm

243 2582 276 2645 in
299 2581 443 2669 Collegio
468 2595 566 2647 vestro
587 2583 733 2662 relicturi,
749 2583 1001 2669 resignationem,
1017 2583 1078 2647 nisi
1096 2605 1206 2667 puram
1220 2597 1251 2648 et
1266 2582 1394 2668 simpli·

243 2689 323 2741 cem,
349 2667 530 2734 ullomodo
553 2667 744 2745 admittatis,
772 2671 824 2732 sed
848 2690 919 2731 eam
944 2680 1092 2753 tanquam
1117 2668 1241 2741 irritam
1266 2680 1298 2731 et
1324 2690 1393 2741 om·

244 2751 320 2816 nino
346 2752 464 2817 nullam
489 2751 651 2835 rejiciatis.
707 2751 802 2830 Quod
824 2753 853 2815 si
878 2753 950 2837 quis
971 2777 989 2816 e
1011 2776 1139 2828 numero
1162 2770 1269 2832 vestro,
1288 2767 1394 2826 contra

243 2849 380 2904 tenorem
402 2836 613 2923 presentium,
639 2837 882 2924 resignationem
904 2839 965 2903 loci
985 2841 1046 2914 sui,
1064 2840 1099 2904 in
1121 2841 1255 2925 gratiam
1276 2852 1331 2911 ant
1345 2842 1393 2905 la·-

244 2944 348 2987 vorem
375 2937 467 2988 certae
495 2945 635 3007 personas
664 2927 888 3010 cujuscunque,
918 2925 1003 3010 apud
1032 2947 1084 2990 vos
1114 2925 1308 3010 interponere
1336 2938 1393 2991 ant

242 3008 366 3088 offerre,
381 3021 435 3074 aut
452 3031 664 3072 successorem
678 3009 714 3075 in
729 3010 833 3078 locum
848 3033 939 3073 snum
954 3024 1115 3078 vacantem
1132 3026 1187 3079 aut
1200 3023 1393 3092 vacaturam,

242 3093 426 3180 eligendum
442 3105 495 3158 aut
510 3094 750 3173 admittendum,
768 3097 871 3176 verbo,
887 3096 1014 3182 scripto,
1029 3110 1117 3178 nutu,
1140 3099 1239 3184 signo,
1258 3108 1313 3169 aut
1330 3098 1394 3162 alio

243 3203 428 3266 quacunque
441 3181 546 3262 modo,
565 3180 725 3251 nominare
746 3193 802 3246 aut
821 3181 987 3270 designare
1009 3185 1263 3268 praesumpserim
1286 3183 1394 3269 probi·

241 3267 353 3331 bemus
377 3289 520 3352 expresse
544 3289 582 3330 ne
608 3267 679 3330 talis
702 3267 835 3354 alicujus
858 3269 1064 3355 resignatorii,
1082 3294 1135 3334 seu
1151 3291 1290 3354 personoe
1305 3293 1325 3332 a
1338 3270 1392 3333 de·

243 3375 365 3418 cessure
388 3354 559 3419 nominata
582 3364 638 3416 aut
663 3355 871 3438 quovismodo
896 3357 947 3441 (ut
970 3359 1080 3440 supra)
1096 3357 1275 3440 designatae,
1291 3355 1391 3418 ullam

242 3440 275 3505 iu
300 3439 508 3505 electionibus
536 3441 642 3503 vestris
668 3441 822 3505 rationem
849 3439 1010 3518 habeatis3
1044 3463 1180 3527 eumque
1203 3440 1267 3505 luci
1296 3462 1392 3526 quem

242 3525 343 3589 ambit
367 3526 402 3589 in
433 3524 576 3612 Collegio
603 3537 703 3590 vestro
726 3525 908 3610 incapacem
932 3527 1059 3592 omnino
1084 3549 1149 3590 csse
1178 3527 1331 3608 volumus,
1361 3539 1392 3595 et

245 3614 415 3696 (quantum
431 3611 466 3673 in
480 3611 571 3674 nobis
589 3622 634 3674 est
655 3623 686 3674 et
704 3613 779 3696 jura
793 3611 883 3698 regni
898 3611 1076 3696 patiuntur)
1099 3614 1341 3697 pronuntiamus
1357 3612 1393 3675 in

240 3697 286 3760 his
301 3697 436 3781 scriptis,
486 3697 523 3759 ln
538 3719 671 3781 quorum
686 3697 829 3762 omnium
845 3697 940 3760 fidem
955 3709 986 3760 et
1001 3699 1223 3778 testimonium,
1235 3700 1327 3762 hasce
1341 3698 1391 3760 in·

237 3782 415 3867 junctiones
442 3792 563 3846 nostras
579 3783 674 3845 affixo
689 3783 795 3869 sigillo
816 3800 922 3846 nostro
946 3783 1224 3870 Archiepiscopali
1247 3786 1390 3847 munien-

240 3868 559 3945 caesaredunum
587 3868 639 3933 hic
662 3870 693 3931 in
709 3870 827 3938 adibus
850 3869 1104 3951 Lambhithanis,
1118 3868 1392 3952 vicesimoquinto

241 3953 297 4017 die
322 3953 480 4033 Octobrls,
495 3975 578 4021 anno
603 3955 729 4019 Domini
752 3955 924 4020 millesimo
945 3957 1160 4029 marciliano
1181 3953 1391 4042 octogesim05

240 4051 353 4109 nostrai
367 4039 609 4113 consecrationis
624 4040 726 4105 tertio.

1164 4125 1220 4192 W.
1235 4125 1347 4199 Cana.

253 4250 425 4398 Pubpiplgpp
438 4253 470 4312 in
484 4251 534 4315 tle
551 4248 675 4336 (illapsi,
690 4252 740 4316 tlte
753 4254 965 4337 twenty-cinti
980 4254 1043 4338 day
1056 4257 1096 4338 ,ff
1105 4255 1154 4318 tte
1168 4274 1250 4319 some
1262 4252 1374 4327 montd,
