3014 4898
59 1411 91 1458 tys
101 1396 129 1444 ol
136 1394 201 1442 clrest

59 1461 73 1508 d
85 1461 113 1508 of
122 1460 204 1508 cham·

59 1541 85 1578 ΓΙ.

233 280 275 344 54
483 277 620 344 &aava
633 281 672 363 of
681 275 737 341 All
750 277 841 344 soors
860 275 987 362 Colfepe,
1008 276 1136 362 Oaford.

233 471 312 534 quas
340 472 397 535 pro
421 448 528 512 litibus
562 460 594 510 et
620 448 744 533 placitis
766 449 973 527 defendendis,
1004 471 1040 512 ac
1072 447 1323 534 possessionibus,
1355 444 1382 508 si

233 547 386 622 oporteat,
401 535 605 619 amplioribus
626 535 832 618 acquirendis
853 535 1004 599 tutissime
1020 556 1058 597 ac
1073 534 1266 598 securissime
1282 555 1382 594 reser-

233 623 298 686 vari
312 621 463 685 volumus.
510 622 697 693 statuentes,
713 622 851 707 insuper,
866 623 950 707 quod
966 622 996 683 iu
1011 643 1126 705 magna
1140 623 1217 684 cista
1232 619 1382 704 praedicta

233 709 274 773 sit
299 729 364 770 una
385 707 446 771 alia
468 719 499 768 et
523 708 626 770 minor
648 708 738 778 cista,
753 708 785 769 iu
803 729 866 792 qua
881 720 983 771 certas
1006 710 1210 792 pecuniarum
1230 727 1382 777 summas,

234 793 380 871 Custodi,
411 794 514 857 Sociis
536 806 567 856 et
589 793 782 856 scholaribus
803 794 877 856 dicti
901 793 1045 880 collegii,
1076 793 1170 856 etiam
1193 813 1251 875 pro
1274 790 1383 855 litibus

234 878 411 962 hujusmodi
441 892 470 942 et
499 880 622 964 placitis
650 879 861 953 defendendis,
885 903 920 945 ac
951 881 1045 945 etiam
1075 879 1328 964 possessionibus,
1358 877 1385 939 si

235 977 389 1049 oporteat,
407 965 614 1049 amplioribus
631 966 838 1048 acquirendis,
859 978 887 1029 et
907 989 965 1050 pro
979 967 1157 1050 repentinis,
1178 966 1265 1049 quod
1282 962 1385 1026 absit!

236 1053 388 1116 incendiis
403 1065 433 1114 et
448 1053 549 1114 ruinis
573 1053 795 1125 maneriorum,
816 1074 888 1135 quae
906 1053 981 1116 alias
996 1053 1037 1115 de
1055 1051 1122 1115 aliis
1145 1051 1278 1137 pecuniis
1300 1048 1385 1112 dicto

238 1136 383 1225 Collegio
399 1160 437 1202 ex
453 1136 521 1221 ejus
538 1138 981 1223 redditibusprorenientibus
996 1151 1050 1201 aut
1065 1137 1270 1222 proventuris,
1286 1156 1386 1218 neque

238 1236 338 1286 -aut
353 1223 587 1308 quomodolibet
609 1225 763 1308 reparari,
793 1247 834 1288 ex
859 1236 961 1289 nostra
982 1225 1170 1289 liberalitate
1193 1223 1327 1287 traditas
1356 1234 1387 1284 et

239 1310 381 1388 donatas,
412 1311 516 1395 reponi
553 1309 708 1383 volumus
744 1311 889 1374 secretius
918 1322 949 1373 et
980 1311 1118 1386 securius
1154 1309 1385 1375 custodiendas.

241 1394 340 1478 Cujus
356 1394 483 1479 quidem
495 1396 627 1459 minoris
642 1400 723 1459 cista
734 1397 797 1460 sint
811 1410 873 1460 tres
882 1397 1012 1461 diversae
1023 1419 1150 1469 seruus,
1166 1418 1241 1459 curn
1256 1394 1386 1458 totidem

239 1482 372 1545 diversis
395 1482 553 1555 clavibus;
577 1503 712 1566 quarum
735 1507 831 1546 unam
855 1484 971 1547 habeat
987 1485 1102 1548 Custos
1121 1483 1268 1546 continue
1291 1502 1388 1564 penes

239 1590 281 1638 se,
298 1569 397 1631 aliam
421 1590 494 1631 vero
518 1568 710 1648 Vicecustos,
732 1581 764 1632 et
786 1569 912 1632 tertiam
929 1568 1042 1653 jurista
1064 1568 1252 1652 simpliciter
1275 1568 1387 1636 senior,

239 1654 295 1737 qni
319 1654 484 1719 officiarius
507 1655 641 1717 minime
664 1656 757 1718 fuerit
780 1655 832 1719 illo
855 1678 952 1720 anno:
974 1679 1052 1741 quos
1075 1656 1249 1740 clavigeros
1271 1654 1388 1717 arctius

237 1762 405 1804 oneramus
419 1742 502 1825 quod
516 1763 626 1805 omnes
637 1744 839 1825 pecuniarum
850 1765 1000 1813 summas,
1011 1744 1041 1804 in
1056 1743 1153 1804 dictis
1166 1742 1256 1804 cistis
1272 1741 1389 1824 positas

237 1848 292 1889 seu
315 1828 521 1912 reponendas,
546 1830 694 1890 secretius
718 1851 780 1911 quo
807 1830 951 1912 poterint,
975 1830 1068 1892 modo
1092 1840 1122 1890 et
1148 1830 1247 1892 forma
1272 1826 1388 1911 quibus

236 1914 408 1997 praefertur,
424 1926 614 1984 conservent,
629 1916 661 1976 in
681 1937 758 1977 usus
772 1915 954 1998 praedictos,
973 1938 1046 1977 cum
1069 1936 1149 1997 opus
1164 1913 1269 1991 fuerit,
1284 1924 1314 1975 et
1330 1933 1390 1974 non

134 2060 138 2066 .
236 1999 329 2078 alias,
344 2001 460 2084 absque
477 2000 560 2076 dolo,
583 2001 692 2063 fraude
713 2023 768 2063 seu
786 2001 871 2064 malo
891 2001 1029 2086 ingenio,
1050 2000 1187 2063 discrete
1206 2011 1237 2061 et
1258 1997 1390 2062 fideliter

214 2088 462 2172 convertendas.
521 2086 716 2165 Ordinantes‚
751 2088 887 2172 insuper,
926 2088 1010 2171 quod
1046 2087 1085 2149 de
1114 2085 1209 2168 hujus
1246 2085 1390 2147 secundae
1489 2105 1492 2110 ·

235 2193 371 2234 camerae
401 2173 476 2235 ostio
500 2172 564 2235 sint
588 2185 649 2235 tres
678 2191 792 2236 serurae
821 2174 959 2244 diversae,
987 2195 1060 2236 cum
1090 2174 1223 2236 totidem
1252 2171 1391 2235 clavibus

236 2257 357 2320 eisdem
388 2259 632 2342 pertinentibus3
663 2281 799 2342 quarum
828 2282 926 2322 unam
953 2260 1070 2323 babeat
1101 2259 1216 2323 Custos
1246 2259 1392 2320 continue

237 2365 332 2426 penes
355 2367 399 2423 se,
426 2344 519 2408 aliam
546 2345 745 2418 Vicecustos,
774 2359 805 2408 et
830 2347 959 2409 tertiam
985 2347 1101 2408 habeat
1124 2346 1287 2409 bursarius
1310 2343 1390 2406 sirn-

236 2429 366 2514 pliciter
397 2431 511 2494 senior.
567 2429 605 2494 In
643 2433 722 2494 ostio
759 2453 832 2495 vero
861 2433 1019 2511 inferiore,
1051 2433 1136 2516 quod
1166 2443 1211 2494 est
1249 2431 1283 2494 in
1309 2430 1393 2514 ,pede

236 2517 411 2579 ascensorii
425 2520 466 2580 ad
481 2518 584 2581 dictas
601 2518 680 2581 duas
695 2541 847 2598 cameras,
858 2519 1004 2583 volumus
1018 2520 1101 2602 quod
1116 2518 1176 2580 sint
1188 2519 1261 2579 duae
1279 2539 1393 2579 serurae

236 2615 268 2666 et
282 2603 476 2682 duaeclaves‚
493 2626 630 2687 quarum
646 2627 741 2667 unam
768 2605 880 2668 habeat
901 2606 1094 2682 Vicecustos,
1116 2615 1146 2666 et
1168 2604 1299 2667 alteram
1325 2603 1392 2665 De-

237 2709 336 2751 canus
351 2690 454 2752 senior
469 2689 582 2752 habeat
596 2690 741 2752 similiter
756 2691 903 2753 continue
919 2713 1013 2774 penes
1029 2714 1072 2754 se.

241 2890 321 2975 Cap.
338 2892 492 2956 ao-De
513 2895 649 2959 custodio
668 2895 810 2958 bonorum
825 2896 869 2958 od
888 2897 1034 2981 capellam
1053 2898 1270 2982 pertinentium
1280 2917 1293 2971 ‚·
1314 2898 1393 2960 etde

629 2983 735 3044 iisdem
750 3002 808 3046 non
822 2983 1002 3046 oliermndis.

59 3147 92 3180 ue
102 3129 224 3195 otchspsl
287 3111 379 3190 Item,
393 3113 566 3187 statuimus,
580 3117 758 3179 ordinamus
773 3126 802 3178 et
817 3117 969 3192 volumus,
981 3117 1065 3200 quod
1078 3093 1265 3189 vestimenta,
1281 3116 1395 3181 calices

59 3202 163 3258 rtments,

59 3260 117 3322 rels,
128 3267 177 3310 etc.

59 4447 98 4480 ran
108 4433 135 4480 of
143 4429 218 4483 book·
245 4428 268 4489 P

65 4495 174 4546 Pallon.

245 3208 277 3262 et
301 3196 431 3280 jocalia,
459 3199 543 3280 libri,
572 3224 609 3263 ac
639 3201 702 3263 alia
731 3215 913 3266 ornamenta
941 3226 1145 3287 quoecuuque,
1176 3226 1196 3265 a
1226 3203 1316 3267 nobis
1345 3203 1394 3266 vel

246 3284 380 3346 aliorum
397 3287 450 3368 pia
471 3285 642 3372 largitione
662 3288 804 3350 fidelium
824 3290 907 3353 dicto
926 3289 1080 3375 Collegio,
1102 3290 1142 3352 ad
1158 3313 1252 3353 usum
1267 3288 1395 3373 capellae

244 3369 397 3453 ejusdem,
412 3373 453 3434 ad
468 3372 577 3435 divina
591 3373 665 3459 plus
687 3375 854 3438 honorilice
872 3377 1007 3439 dicenda
1023 3378 1053 3438 in
1069 3376 1189 3455 eadem,
1205 3377 1325 3455 collata,
1341 3387 1397 3438 aut

244 3457 335 3521 bonis
350 3457 490 3540 ejusdem
505 3458 642 3546 Collegii
653 3461 777 3525 aliunde
789 3463 931 3545 quaesita,
948 3463 981 3525 in
993 3463 1131 3545 quadam
1148 3465 1251 3542 domo,
1266 3486 1322 3547 per
1338 3485 1395 3525 nos

243 3544 282 3605 ad
297 3545 356 3606 hoc
371 3545 517 3608 ordinata
531 3559 561 3608 et
577 3547 759 3631 specialiter
775 3550 938 3631 disposita,
955 3550 1056 3612 tutius
1072 3563 1264 3632 reponantur
1277 3562 1309 3611 et
1324 3571 1396 3612 con-

243 3629 330 3693 tinue
352 3642 568 3695 conserventur
579 3658 588 3711 ;
611 3635 677 3695 nisi
691 3636 816 3717 quando
836 3636 949 3697 eadem
965 3637 1004 3696 ad
1026 3635 1213 3698 celebranda
1228 3636 1338 3698 divina
1364 3636 1397 3697 in

244 3716 354 3787 eadem
367 3716 492 3801 capella
507 3718 555 3780 vel
567 3721 738 3782 ornandam
754 3720 895 3799 eandem,
905 3724 999 3805 juxta
1011 3720 1233 3785 discretionem
1247 3721 1397 3784 Custodis

244 3813 274 3862 et
300 3802 524 3883 bursariorum,
553 3804 614 3884 vel,
639 3807 670 3867 in
692 3805 771 3868 dicti
792 3806 945 3869 Custodis
968 3807 1115 3881 absentia,
1139 3807 1178 3870 de
1202 3808 1397 3869 avisamento

246 3886 470 3952 Vicecustodis
487 3901 518 3952 et
540 3892 757 3954 bursariorum
776 3893 1011 3976 pradictorum,
1032 3894 1140 3956 eadem
1163 3892 1286 3956 extrahi
1308 3911 1398 3972 opor·

245 3972 335 4037 tebit.
372 3974 454 4045 Qua
468 3974 535 4036 ullo
551 3999 691 4061 unquam
707 3990 858 4062 ternpore,
873 4001 1060 4063 quocunque
1074 3978 1278 4041 alienationis
1293 3975 1397 4054 titulo,

245 4058 278 4119 in
295 4057 392 4120 alium
416 4062 588 4134 transferri,
612 4063 826 4150 impignorari,
844 4079 899 4128 aut
922 4078 1013 4128 extra
1034 4065 1115 4127 dicti
1139 4063 1281 4147 Collegii
1305 4072 1398 4144 septa

244 4146 464 4228 quoquomodo
486 4148 611 4221 deferri,
641 4151 704 4212 nisi
734 4152 846 4213 eadem
882 4151 1081 4228 resarciendi,
1118 4149 1305 4212 emendandi
1343 4158 1398 4210 aut

243 4231 423 4314 reparandi,
446 4234 558 4318 gratia,
575 4234 622 4297 vel
639 4236 704 4299 alia
719 4237 818 4300 ardua
834 4250 864 4299 et
881 4237 1056 4300 necessaria
1071 4259 1178 4314 causa,
1202 4259 1258 4320 per
1279 4235 1398 4300 Custo-

245 4316 329 4397 dem,
344 4316 491 4382 Decanos
505 4332 536 4382 et
551 4321 721 4401 bursarios,
735 4323 811 4386 dicti
827 4322 967 4408 Collegii
984 4323 1199 4406 approbanda,
1215 4323 1398 4407 expressius

270 4403 461 4477 rohibemus,
498 4405 617 4470 Libros
655 4432 726 4472 vero
765 4432 1028 4494 quarumcunque
1069 4409 1272 4482 facultatum,
1310 4411 1398 4472 dicto

244 4490 396 4577 collegio
421 4490 523 4557 simili
552 4491 723 4587 largitione
759 4496 901 4576 collatos,
930 4498 980 4560 val
1011 4494 1094 4560 alias
1129 4498 1398 4582 qualitercunque
