3014 4898
357 474 612 559 StatuterofAIl
626 472 719 541 Souls
737 471 863 557 Collega
885 472 1013 557 Orford.
1223 476 1261 542 61

117 647 245 709 statutis
270 647 304 710 fit
326 646 441 709 mentio
463 643 622 729 specialis,
650 667 755 710 coram
776 643 871 706 Socio
894 654 925 706 et
938 644 1077 708 scholari
1092 647 1264 730 puniendo,

117 744 286 816 antequam
309 734 473 817 puniatur,
496 731 642 815 legantur
667 740 785 793 statuta
807 740 839 793 et
861 729 1004 813 capitula
1029 732 1065 795 in
1087 734 1204 816 quibus
1229 735 1264 797 lit

116 820 237 882 mentio
252 821 291 883 de
306 842 442 891 excessu,
458 818 591 882 crimine
607 828 637 880 et
652 815 778 895 delicto,
794 837 851 899 pro
867 837 931 900 quo
948 816 1000 879 fiet
1016 819 1146 900 punitio
1160 820 1264 884 delin-

116 906 251 986 quentis.
294 907 331 968 Si
346 928 419 969 vero
434 906 467 968 in
482 904 598 968 nostris
613 903 865 967 ordinationibus
879 915 910 965 et
924 903 1055 966 statutis
1068 906 1107 968 de
1121 927 1262 985 excessu,
1277 901 1410 955 Discretion
1424 909 1452 957 ⁰f

116 991 249 1053 crimine
264 993 312 1055 vel
333 991 461 1067 delicto,
487 1000 547 1055 aut
561 1012 654 1073 poena
679 988 904 1072 delinquentis,
930 989 1122 1074 specialiter]
1132 1003 1263 1054 cantum
1277 969 1464 1085 fflffign

115 1097 173 1139 non
198 1079 323 1152 existat,
347 1101 405 1141 nec
428 1078 507 1141 alias
531 1077 652 1139 mentio
668 1076 725 1138 fiat
740 1074 924 1158 specialiter
938 1075 978 1137 ad
993 1098 1128 1159 quorum
1145 1080 1264 1141 discre-
1276 1097 1431 1158 punishment
1440 1053 1477 1150 i·⁰

106 1163 234 1235 ,tionem
250 1175 280 1238 et
295 1164 459 1227 arbitrium
471 1163 579 1246 puniri
593 1163 707 1224 debeat
719 1162 764 1224 sic
777 1161 973 1244 delinquens,
988 1172 1060 1224 tunc
1070 1186 1144 1226 eum
1158 1166 1264 1248 puniri
1275 1162 1386 1223 specined
1397 1163 1424 1212 in

116 1249 261 1312 volumus
268 1252 363 1334 juxta
371 1251 537 1314 arbitrium
547 1261 575 1310 et
588 1247 813 1310 discretionem
825 1247 979 1310 Custodis
992 1260 1022 1309 et
1033 1247 1155 1331 Decani
1165 1251 1263 1314 facul·
1275 1231 1383 1278 statutas.

115 1335 187 1396 tatis
196 1336 242 1398 sic
251 1337 462 1419 delinquentis
474 1345 538 1414 aut,
549 1334 582 1396 in
592 1334 734 1398 absentia
745 1331 906 1409 Custodis,
921 1333 1142 1398 Vicecustodis
1156 1348 1187 1398 et
1200 1337 1265 1400 De-

116 1421 190 1482 cani
205 1424 390 1505 supradicti.
437 1423 622 1497 Statuentes,
643 1420 789 1497 ulterius,
803 1421 889 1503 quod
903 1419 1008 1483 nullus
1030 1420 1194 1485 Sociorum
1216 1424 1265 1487 vel
1278 1436 1415 1501 Detenning
1426 1456 1452 1488 or

114 1506 317 1583 scholarium,
333 1510 548 1592 cujuscunque
558 1508 692 1570 scientiae
703 1506 751 1569 vel
766 1505 928 1568 facultatis
940 1507 1061 1578 existat,
1074 1506 1172 1571 alium
1184 1508 1266 1593 ejus·
1277 1501 1387 1563 mining
1398 1503 1475 1552 (10]ῑῦ-

115 1591 188 1654 dem
205 1593 345 1680 Collegii
365 1595 498 1657 Socium
512 1594 562 1656 vel
584 1593 759 1655 scholarem
774 1591 812 1654 de
840 1592 945 1674 aliquo
971 1593 1114 1667 crimine,
1136 1616 1265 1658 excessu
1277 1573 1372 1629 quens.

115 1678 160 1740 vel
169 1679 293 1751 delicto,
304 1702 409 1743 coram
420 1679 568 1748 Custode,
574 1679 783 1742 Vicecustode
792 1692 844 1739 aut
857 1678 1001 1757 Decanis‚
1013 1680 1203 1765 impetitum,
1213 1683 1266 1745 de·

116 1762 216 1825 latum
227 1765 274 1829 vel
287 1777 482 1839 accusatum,
493 1775 629 1838 tueatur,
645 1764 804 1837 defendat,
816 1775 1028 1836 manuteneat,
1040 1766 1087 1828 vel
1101 1768 1203 1829 eidem
1217 1790 1266 1830 as-

116 1850 206 1913 sistat
215 1851 356 1924 consilio,
366 1853 460 1916 verbo
474 1852 524 1915 vel
540 1853 629 1924 facto,
641 1862 695 1912 aut
711 1872 765 1934 pro
780 1850 848 1933 ipso
861 1849 1045 1933 aliqualiter
1059 1851 1175 1938 alleget
1188 1875 1266 1937 quo·

116 1937 221 1999 minus
235 1938 339 2022 ipsius
353 1939 559 2022 delinquentis
575 1937 684 2000 debita
700 1936 820 2022 punitio
835 1957 890 1997 seu
904 1936 1057 1999 correctio
1075 1938 1139 2000 fieri
1154 1940 1264 2012 valeat,

111 2020 206 2104 juxta
221 2026 411 2110 exigentiam
421 2025 651 2087 ordinationum
661 2035 691 2084 et
699 2033 889 2085 statutorum
901 2035 1087 2095 nostrorum,
1101 2034 1133 2086 et
1145 2045 1182 2085 nc
1195 2025 1266 2108 ipsa

116 2112 266 2173 correctio
281 2113 454 2174 retardetur
465 2111 514 2174 vel
531 2110 608 2172 alias
616 2108 787 2183 differatur,
799 2109 858 2170 sub
868 2129 962 2191 poena
974 2109 1140 2173 amotionis
1152 2131 1265 2194 perpe-

114 2206 177 2257 tuae
190 2218 209 2257 a
220 2210 324 2260 nostro
340 2196 483 2278 Collegio
497 2207 677 2260 memorato.
717 2195 861 2277 Insuper,
872 2206 1045 2256 statuentes
1057 2197 1142 2278 qnod
1155 2197 1264 2260 nullus
1278 2212 1391 2260 Accused
1403 2229 1455 2277 par-

115 2281 228 2345 Socius
244 2283 292 2346 vel
317 2283 469 2347 scholaris
485 2282 565 2344 dicti
584 2280 718 2366 Collegii
740 2303 837 2364 super
865 2280 1063 2357 criminibus,
1088 2284 1264 2346 excessibus
1277 2275 1407 2402 {offilo
1421 2277 1476 2327 hav«

114 2367 166 2430 vel
182 2368 316 2448 delictis,
332 2370 473 2432 detectus
488 2391 544 2431 seu
559 2367 692 2447 delatus,
709 2369 831 2448 copiam
854 2379 1084 2450 compertorum
1109 2380 1140 2429 et
1160 2369 1265 2432 detec·
1277 2403 1382 2465 charges.

114 2464 218 2516 torum
233 2455 297 2517 sibi
313 2455 402 2526 tradi,
417 2455 475 2529 edi,
495 2454 561 2517 dari
581 2464 635 2514 aut
657 2452 794 2523 liberari,
819 2474 875 2514 seu
899 2453 1027 2514 nomina
1050 2452 1263 2537 detegentium

115 2549 171 2601 aut
196 2540 447 2601 denuntiantium
474 2539 537 2602 sibi
559 2538 671 2621 exponi
700 2549 794 2620 petat,
824 2559 924 2618 neque
951 2537 1021 2619 ipsa
1046 2549 1206 2621 comperta
1233 2550 1264 2600 et

114 2625 237 2689 detecta
252 2649 306 2686 seu
323 2625 451 2688 nomina
464 2622 646 2707 hujusmodi
667 2623 829 2684 tradantur
842 2622 965 2698 eidem3
988 2623 1041 2685 sed
1064 2645 1159 2707 super
1181 2645 1265 2686 com-

116 2712 214 2795 pertis
228 2721 259 2774 et
274 2711 404 2775 detectis
424 2709 606 2793 hujusmodi
630 2707 838 2793 personaliter
863 2710 1058 2792 respondeat,
1083 2731 1121 2772 ac
1145 2732 1265 2773 correc-

115 2800 216 2861 tiones
246 2797 378 2871 debitas,
406 2798 435 2861 si
459 2797 621 2860 convictus
648 2794 752 2866 fuerit,
777 2796 898 2866 subeat,
923 2793 1014 2877 juxta
1036 2795 1265 2859 ordinationum

115 2898 145 2946 et
160 2896 347 2947 statutorum
363 2885 439 2947 dicti
464 2883 597 2969 Collegii
620 2881 811 2965 exigentiam
835 2891 865 2943 et
888 2893 1045 2954 tenorem;
1072 2883 1265 2946 cessantibus
1279 2893 1404 2942 Suiumd

115 2970 360 3055 quibuscunque
384 2969 667 3055 provocationibus,
689 2968 965 3050 appellationibus,
987 2968 1125 3051 querelis
1147 2980 1177 3032 et
1192 2970 1266 3033 aliis
1279 2957 1384 3021 ³le

111 3055 192 3138 juris
217 3073 247 3118 et
275 3058 347 3133 lacti
373 3057 525 3134 remediis,
549 3078 605 3138 per
633 3076 713 3138 quas
735 3076 793 3116 seu
817 3075 888 3136 quae
918 3053 1024 3138 ipsius
1050 3054 1268 3139 delinquentis

115 3143 261 3206 correctio
279 3158 310 3204 et
326 3144 448 3227 punitio
464 3141 578 3204 deferri
595 3140 722 3217 valeant,
746 3162 803 3201 seu
823 3140 902 3201 alias
917 3140 1152 3223 quomodolibet
1166 3142 1269 3226 impe-

114 3229 188 3300 diri,
205 3230 266 3292 sub
281 3252 373 3313 poena
388 3228 554 3292 amotionis
570 3238 727 3310 perpetuae
742 3249 762 3288 a
778 3239 881 3288 nostro
897 3224 1041 3309 Collegio
1057 3241 1240 3293 memorato.

135 3387 217 3472 Cap.
234 3389 270 3451 31
279 3390 385 3453 .-Dc
398 3390 570 3451 visitatione
585 3388 799 3536 nlrscneriorrgm,
815 3398 843 3450 et
854 3409 1017 3473 progressu
1036 3387 1177 3454 Custodis
1192 3391 1241 3453 vel

618 3476 742 3536 icecusto
764 3475 802 3536 is.

159 3586 327 3657 Caeterum,
352 3607 400 3656 ne,
426 3607 482 3667 per
505 3584 729 3668 negligentiam
760 3583 996 3665 supervisionis,
1023 3597 1079 3646 aut
1103 3583 1266 3646 incuriam

115 3675 339 3741 ministrorum,
355 3668 402 3731 vel
418 3681 545 3752 propter
559 3669 714 3731 defectum
729 3668 932 3752 reparationis
947 3669 1169 3740 maneriorum,
1187 3668 1262 3731 Col-

115 3759 236 3845 legium
259 3757 292 3817 in
318 3756 564 3838 possessionibus
587 3756 651 3817 suis
676 3756 742 3817 sive
761 3755 849 3817 bonis
864 3754 1016 3816 damnum
1032 3756 1170 3837 patiatur
1183 3777 1262 3836 quo-

114 3843 286 3907 modolibet
300 3842 351 3904 vel
362 3842 530 3924 jacturam,
554 3840 736 3912 statuimus,
750 3841 933 3902 ordinamus
948 3854 979 3903 et
994 3839 1147 3910 volumus,
1167 3843 1261 3924 quod,
1276 3847 1364 3910 Yearly
1376 3866 1475 3914 progrec

115 3931 250 4014 singulis
274 3929 372 4003 annis,
395 3928 504 3989 statim
527 3937 598 4010 post
619 3927 732 3989 festum
757 3926 963 3990 Exaltationis
987 3925 1112 3988 Sanctae
1135 3925 1259 3998 Crucis,
1274 3913 1451 4023 egwardento

114 4018 170 4080 liat
184 4017 330 4080 circuitus
346 4028 376 4075 et
396 4034 582 4098 progressus
603 4035 658 4096 per
681 4013 853 4075 Custodem
877 4024 907 4073 et
930 4012 1071 4095 aliquem
1094 4012 1259 4075 Sociorum
1273 3994 1455 4093 ἔῃᾞὲζιῗῗη.

114 4104 295 4172 discretum,
311 4101 352 4163 ad
368 4099 427 4161 hoc
441 4122 498 4183 per
512 4097 661 4182 majorem
675 4109 795 4182 partem
814 4097 1003 4180 juristarum
1027 4119 1146 4159 necnon
1171 4100 1261 4161 artis·

114 4203 217 4253 tarum
239 4187 415 4258 Sociorum,
438 4198 512 4248 tunc
541 4186 756 4268 praesentium,
781 4185 978 4264 eligendum3
1002 4183 1063 4255 vel,
1086 4185 1115 4246 si
1141 4185 1261 4248 Custos

114 4278 279 4338 commode
301 4274 469 4336 circuitum
496 4271 681 4353 hujusmodi
704 4294 761 4355 per
785 4294 818 4332 se
843 4271 941 4333 lacere
967 4292 1028 4334 nou
1053 4271 1162 4353 possit,
1188 4287 1261 4333 tunc

116 4360 358 4424 Vicecustodem
370 4375 396 4422 et
413 4359 544 4422 Socium
566 4357 757 4440 hujusmodi,
771 4359 877 4418 omnia
897 4359 1036 4419 maneria
1051 4370 1081 4418 et
1099 4355 1261 4428 beneficia,

115 4466 153 4506 ac
183 4447 292 4508 boscos
323 4466 538 4530 quoscunque,
569 4446 611 4506 ad
640 4444 762 4506 dictum
791 4442 971 4529 Collegium
1000 4442 1183 4526 spectantia,
1222 4443 1262 4505 ad

116 4530 244 4593 realiter
268 4532 536 4615 supervidendum
564 4543 682 4594 statum
716 4529 939 4608 maneriorum,
977 4528 1201 4591 beneficiorum
1231 4538 1263 4590 et

116 4618 281 4680 hoscorum
308 4615 502 4699 hujusmodi,
533 4628 740 4700 staurumque
765 4616 871 4679 vivum
899 4626 930 4678 et
955 4627 1125 4686 mortuum,
1153 4635 1260 4697 equos,

115 4703 220 4781 affros,
235 4703 339 4781 bores,
354 4725 474 4777 vaccas,
489 4713 644 4767 eteorum
659 4702 787 4778 vitulos,
811 4724 921 4766 omnes
945 4701 1080 4767 bidentes
1102 4712 1133 4764 et
1156 4701 1262 4792 omnia
