3014 4898
285 241 328 307 80
627 238 691 301 All
704 237 796 303 &ab
815 235 940 321 Collega,
957 235 1087 321 Osford.

289 433 363 473 eum
386 410 517 494 gradum
543 423 766 493 promoveatur
790 407 820 468 in
846 406 995 490 proximis
1017 408 1150 469 comitiis
1176 409 1206 468 in
1231 407 1437 472 Unir'ersitate

291 497 419 559 Oxouiae
441 493 641 571 celebrandis,
661 495 718 556 sub
743 515 835 577 poena
859 492 1050 576 expulsionis
1074 516 1093 554 a
1117 495 1337 556 communibus
1361 493 1438 557 dicti

292 582 431 665 Collegii,
447 581 542 643 donec
557 582 603 643 sic
626 589 862 663 promoveatur:
885 589 916 641 et
930 579 1014 661 quod
1038 579 1187 662 deinceps
1209 578 1339 662 quilibet
1360 580 1437 642 bac-

291 667 455 730 calaureus
470 668 500 729 in
519 667 642 739 artibus,
659 665 734 728 dicti
750 663 885 750 Collegii
905 664 1019 727 Socius
1040 666 1182 742 existens,
1198 686 1292 727 annos
1315 687 1371 748 pro
1387 690 1438 730 as-

291 754 463 836 sumptione
486 752 601 838 gradus
624 772 661 812 ex
684 752 804 812 statutis
828 749 984 833 praedictis
1007 749 1157 813 limitatos
1182 772 1242 812 uon
1265 751 1391 825 habens,
1408 766 1439 816 et

291 840 425 923 quilibet
447 838 568 900 futurus
582 838 692 900 Socius
705 833 843 917 ejusdem
857 835 990 921 Collegii
1012 835 1143 898 existens
1163 835 1385 900 baccalaureus
1404 838 1437 899 in

293 926 423 1003 artibus,
451 925 492 986 ad
517 924 651 1008 gradum
674 921 879 1005 Magistratus
909 922 940 982 in
971 922 1086 984 artibus
1115 933 1336 1005 promoveatur
1361 924 1440 985 infra

292 1023 414 1097 tempus
436 1032 492 1094 per
517 1019 635 1071 statuta
648 1004 863 1071 Universitatis
881 1018 910 1068 et
925 1006 1058 1092 Collegii
1081 1008 1223 1090 praedicti
1245 1008 1438 1087 limitatum3

293 1098 352 1160 sub
381 1095 485 1180 poenis
514 1094 546 1156 in
575 1093 710 1177 ejusdem
740 1093 863 1154 statutis
893 1093 1021 1167 insertio,
1049 1115 1104 1176 per
1134 1092 1315 1172 Custodem,
1346 1108 1377 1157 et
1403 1117 1440 1157 eo

294 1184 417 1246 absente
432 1203 489 1265 per
500 1178 750 1257 Vicecustodem,
761 1191 791 1241 et
805 1178 970 1241 Decanum
985 1201 1050 1240 suae
1067 1178 1233 1258 facultatis,
1248 1179 1440 1266 infligendis.

342 1268 390 1331 ll.
416 1267 511 1343 Item,
525 1262 715 1351 injungimus
737 1274 768 1325 et
791 1264 921 1326 firmiter
942 1263 1153 1349 praecipiendo
1175 1267 1340 1329 madamus
1355 1268 1441 1349 quod

294 1352 383 1418 Socii
406 1373 490 1415 nunc
513 1350 678 1414 existentes
701 1352 732 1412 iu
755 1351 834 1414 dicto
857 1349 996 1435 Collegio
1013 1373 1073 1412 non
1088 1351 1243 1434 graduati,
1259 1352 1376 1435 gradrm
1392 1375 1439 1415 as·

296 1448 422 1502 sumant
439 1439 503 1501 suis
512 1434 714 1499 facultatibus
729 1446 932 1521 congruentes
946 1437 1024 1499 citra
1039 1439 1148 1498 festum
1166 1437 1291 1499 Natalis
1309 1438 1442 1503 Domini

295 1524 439 1610 proxime
456 1525 598 1594 futurum,
613 1522 671 1584 sub
694 1544 788 1604 poena
805 1520 992 1584 exclusionis
1008 1545 1027 1584 a
1041 1524 1260 1586 communibus
1274 1523 1349 1586 dicti
1367 1522 1442 1586 col-

296 1612 368 1696 legii
396 1610 492 1673 donec
520 1609 562 1672 sic
592 1620 815 1691 promoveatur.
874 1607 1030 1690 Quodque
1059 1610 1089 1670 in
1119 1620 1279 1692 posterum
1309 1609 1442 1693 quilibet

295 1692 456 1768 scholaris,
471 1694 603 1758 existens
628 1693 736 1756 Socius
758 1692 833 1754 dicti
858 1691 1008 1778 Collegii,
1030 1694 1145 1777 gradus
1168 1705 1307 1757 assumat
1332 1697 1361 1756 iu
1386 1718 1443 1757 sua

295 1781 452 1853 facultate,
462 1783 557 1865 juxta
573 1780 702 1841 formam
722 1789 908 1841 statutorum
922 1777 996 1841 dicti
1011 1777 1156 1864 Collegii,
1171 1792 1202 1842 et
1215 1783 1271 1843 sub
1292 1780 1395 1863 poenis
1410 1781 1443 1843 in

295 1868 409 1932 eisdem
425 1865 587 1935 contentis,
602 1887 656 1947 per
678 1862 862 1937 Custodem,
878 1875 909 1926 et
930 1884 966 1925 eo
990 1865 1113 1926 absente
1127 1888 1182 1949 per
1195 1863 1443 1938 Vicecustodenr,

296 1966 325 2018 et
344 1954 510 2016 Decanum
525 1973 588 2012 suae
605 1947 770 2019 facultatis,
787 1949 848 2011 sibi
862 1947 1048 2032 infligendis.

344 2037 392 2101 12.
416 2037 506 2109 Item,
522 2035 723 2119 praecipimus
745 2045 774 2096 et
794 2034 924 2097 firmiter
946 2035 1135 2118 injungendo
1158 2039 1341 2101 mandamus
1359 2039 1446 2121 quod

298 2122 456 2209 Magister
470 2121 612 2186 Thomas
627 2120 710 2206 Dey,
726 2118 883 2205 Magister
900 2120 1038 2184 Thomas
1055 2121 1137 2205 Key,
1156 2124 1312 2208 Magister
1327 2123 1447 2186 Johan-

298 2231 353 2272 nes
380 2206 503 2287 Howel,
529 2205 687 2290 Magister
713 2204 904 2268 Guilielmus
929 2206 1066 2287 Walber,
1093 2208 1245 2293 Magister
1273 2209 1446 2272 Nicholaus

298 2293 477 2376 Alambrig,
500 2294 658 2378 Magister
680 2291 872 2356 Guilielmus
894 2291 1079 2365 Turnehull,
1104 2294 1257 2379 Magister
1292 2295 1448 2359 Ricardus

299 2380 395 2460 Reve‚
411 2378 569 2465 Magister
593 2378 750 2440 Arthurus
775 2378 856 2441 Pitte
878 2389 907 2440 et
933 2378 1088 2464 Magister
1101 2381 1123 2444 J
1126 2380 1262 2443 ohannes
1278 2381 1392 2454 Fuller,
1408 2382 1450 2443 ad

297 2489 400 2529 sacros
420 2465 514 2528 etiam
535 2465 766 2550 presbyteratus
789 2465 910 2528 ordines
928 2464 1134 2551 effectualiter
1148 2478 1180 2526 et
1195 2489 1228 2527 re
1244 2489 1316 2529 vera
1332 2490 1364 2528 se
1377 2489 1447 2550 pro

299 2551 414 2616 moveri
428 2551 550 2628 faciant,
566 2561 597 2612 et
613 2572 720 2612 eornm
736 2549 872 2632 quilibet
887 2571 919 2609 se
934 2553 1107 2632 promoveri
1123 2552 1225 2625 faciet,
1243 2553 1320 2612 citra
1335 2555 1450 2613 festum

301 2636 439 2713 Paschae,
454 2647 484 2697 et
499 2636 539 2696 ad
554 2634 794 2696 subdiaconatus
808 2633 952 2696 ordinem
967 2634 1043 2694 citra
1059 2635 1165 2695 festum
1180 2633 1305 2695 Natalis
1320 2634 1453 2699 Domini

299 2720 440 2804 proxime
454 2720 593 2780 futurum
609 2728 680 2800 post
691 2717 798 2778 datum
812 2717 1022 2799 praesentium.
1068 2717 1111 2780 Et
1124 2717 1152 2778 si
1159 2716 1329 2799 quisquam
1341 2740 1453 2783 eorum

301 2805 333 2867 id
348 2826 410 2868 uon
424 2802 535 2873 fecerit,
549 2801 637 2864 illurn
653 2801 696 2862 sic
720 2822 781 2864 nou
803 2810 980 2884 promotum
1006 2824 1026 2863 a
1050 2802 1124 2865 festo
1148 2802 1279 2864 Paschae
1303 2805 1453 2887 proximo

298 2890 496 2954 declaramus
518 2908 580 2949 non
600 2885 732 2951 Socium
755 2886 895 2970 ejusdem
919 2885 1067 2973 Collegii,
1090 2889 1130 2950 ad
1156 2909 1281 2951 omnem
1304 2889 1453 2954 effectum

301 2998 340 3038 ac
355 2975 384 3038 si
397 2986 474 3036 tunc
488 2983 627 3035 mortuus
640 2972 755 3034 fnisset.

350 3061 400 3125 13.
424 3059 517 3130 Item,
532 3057 721 3143 iujungimus
735 3071 766 3119 et
780 3057 910 3119 firmiter
931 3058 1143 3143 praecipiendo
1163 3058 1350 3122 mandamns
1367 3058 1453 3125 Cns-

303 3147 377 3216 todi,
394 3143 595 3207 Vicecustodi
616 3156 647 3205 et
670 3142 793 3226 reliquis
816 3142 913 3204 Sociis
935 3153 965 3205 et
988 3144 1180 3207 scholaribus
1205 3145 1280 3206 dicti
1305 3144 1453 3232 Collegii,

302 3231 384 3315 quod
407 3243 438 3295 to
462 3229 490 3293 is
505 3238 632 3291 utentur
645 3228 804 3306 talaribus,
820 3229 956 3291 camisiis
978 3230 1081 3313 planis
1105 3243 1135 3293 et
1157 3253 1217 3293 non
1237 3232 1317 3293 circa
1335 3231 1453 3295 collum

305 3328 360 3379 aut
374 3254 535 3381 brachium
558 3314 695 3378 collectis
719 3325 775 3376 aut
800 3315 894 3376 serico
908 3315 1038 3392 ornatis3
1061 3317 1246 3400 reliquisque
1261 3316 1397 3379 vestibus
1413 3339 1453 3380 ac

305 3402 437 3466 tonsuris
451 3412 577 3464 utantur
590 3399 767 3465 decentibus
782 3398 933 3462 scholares
945 3414 976 3462 et
989 3401 1131 3464 moribus
1149 3401 1366 3464 Universitatis
1381 3425 1454 3467 con·

304 3488 494 3574 gruentibus,
510 3488 567 3549 sub
588 3509 683 3570 poena
707 3485 900 3569 expulsionis
927 3507 946 3545 a
969 3488 1186 3550 communibus
1210 3488 1283 3549 dicti
1306 3487 1450 3574 Collegii,

306 3577 406 3638 donec
421 3584 451 3635 et
465 3594 628 3656 quousque
644 3572 687 3633 sic
699 3570 838 3633 fecerint.

356 3659 405 3723 14.
429 3658 520 3729 Item,
536 3657 731 3740 injungimus
753 3667 784 3717 et
805 3656 933 3718 firmiter
948 3657 1160 3741 praecipiendo
1175 3660 1356 3743 mandamns
1370 3660 1456 3742 quod

307 3746 353 3806 fra
376 3756 481 3806 menta
503 3740 644 3805 ciborum
671 3741 841 3819 Sociorum,
864 3741 1055 3805 scholarium
1078 3767 1116 3806 ac
1139 3745 1348 3823 servientium,
1372 3744 1454 3809 dicti

308 3767 449 3913 collegii
470 3839 557 3889 extra
574 3827 655 3890 10111
676 3825 756 3889 dicti
778 3825 927 3912 Collegii,
942 3840 1013 3912 post
1030 3830 1166 3914 singulas
1181 3829 1368 3908 refectiones,
1383 3830 1457 3894 effe·

308 3923 424 3992 rantur,
455 3922 485 3973 et
508 3911 698 3996 integraliter
727 3912 948 3976 distribuantur
976 3915 1052 3977 inter
1081 3936 1238 4000 pauperes.
1297 3915 1459 4001 Quodque

309 3997 504 4082 mancipium
525 3997 601 4060 dicti
625 3996 768 4081 Collegii,
782 4010 813 4059 et
835 4020 872 4062 eo
894 4000 1020 4062 absente
1045 4001 1185 4063 serviens
1206 4002 1353 4080 Bursarii‚
1369 4017 1402 4063 et
1421 4024 1460 4067 eo

310 4084 435 4147 absente
450 4083 547 4144 lector
559 4082 681 4162 Bibliae,
691 4105 729 4145 ac
739 4104 775 4144 eo
790 4083 918 4147 absente
930 4085 1033 4149 senior
1043 4085 1174 4149 clericus
1183 4086 1259 4149 dicti
1270 4086 1415 4170 Collegii,
1427 4088 1459 4151 id

311 4169 379 4232 fieri
390 4167 498 4232 sedulo
509 4169 645 4245 curabit,
661 4170 721 4231 sub
730 4191 824 4252 poena
833 4181 968 4253 quatuor
975 4171 1172 4235 denariorum
1184 4173 1307 4235 cuilibet
1317 4173 1351 4235 id
1360 4173 1460 4237 facere

311 4254 470 4328 omittenti,
480 4274 538 4338 per
550 4253 679 4316 alterurn
692 4254 909 4320 Bursariorum
925 4256 1102 4342 infligenda,
1114 4259 1202 4320 toties
1216 4258 1336 4342 quoties
1348 4282 1458 4323 eorum

310 4341 448 4423 aliquem
463 4341 493 4401 in
507 4339 676 4424 praemissis
690 4342 851 4405 remissum
868 4354 922 4402 aut
937 4343 1145 4427 negligentem
1160 4343 1225 4406 1011
1240 4346 1416 4430 contigerit.

357 4426 406 4490 15.
431 4425 525 4505 Item,
540 4426 734 4512 injungimus
750 4438 780 4489 et
794 4426 924 4490 firmiter
945 4429 1154 4514 praecipiendo
1169 4430 1357 4495 mandamus
1373 4432 1463 4516 qnod
