3014 4898
362 458 497 525 Statores
511 462 549 542 of
559 458 618 524 All
634 461 725 526 Souls
743 457 869 542 Collega
891 458 1020 543 chord.
1225 457 1267 521 59

109 625 296 711 juristarnm
311 631 450 693 maxime
464 631 504 693 ad
522 629 658 708 scholas,
674 653 779 714 quem,
794 629 877 692 horis
892 642 924 692 et
938 629 1131 715 temporibus
1147 629 1268 714 quibus

113 716 218 800 ipsum
234 717 320 780 circa
335 716 477 778 officium
492 740 587 779 suum
602 715 788 799 hujusmodi
804 716 976 793 oportuerit
993 716 1153 799 occupari,
1177 715 1269 778 nolu-

115 824 188 863 mus
213 804 296 865 mitti
319 804 360 866 ad
383 821 478 881 extra,
502 824 558 866 seu
584 825 640 886 per
663 803 726 865 alia
748 802 870 888 negotia
894 801 1081 886 aliqualibet
1100 802 1267 885 impediri3

115 897 201 951 extra
224 912 293 954 vero
317 889 420 952 dictas
448 889 539 953 horas
569 901 600 951 et
624 901 774 972 tempora,
804 890 911 972 ipsum
946 888 1101 951 hortolani
1126 888 1268 950 officium

115 996 258 1038 exercere
282 974 438 1055 volumus,
462 975 496 1037 in
521 977 610 1039 horto
639 975 782 1061 Collegii
805 974 994 1059 supradicti.
1039 974 1269 1044 Permittimus‚
1282 983 1305 1028 A
1318 979 1467 1043 nivalem·

115 1059 255 1144 insuper,
271 1062 357 1146 quod
374 1061 494 1126 Doctor
508 1061 641 1146 quilibet
657 1062 735 1124 dicti
760 1060 905 1143 Collegii,
932 1063 1151 1145 cujuscunque
1176 1061 1269 1123 fuerit
1281 1052 1338 1093 vent
1349 1044 1449 1093 allowed
1461 1050 1486 1094 to

117 1146 282 1227 facultatis,
306 1170 396 1210 suurn
413 1150 574 1232 proprium
590 1149 769 1210 servientem
787 1146 866 1213 infra
882 1147 1062 1233 Collegium
1082 1147 1269 1232 pradictum

118 1232 234 1296 habere
258 1234 361 1296 valeat
387 1247 642 1313 commorantem,
667 1245 697 1296 et
724 1234 754 1294 in
783 1232 857 1295 aula
881 1237 1040 1296 communi
1066 1233 1108 1294 ad
1129 1254 1269 1296 mensam

117 1317 303 1383 famulorum
316 1321 542 1390 comedentem,
565 1320 629 1382 suis
652 1332 758 1383 tamen
780 1321 956 1404 sumptibus
976 1332 1006 1382 et
1029 1319 1192 1404 expensis:
1214 1340 1270 1402 pro

117 1405 237 1468 salariis
251 1428 322 1469 vero
338 1407 489 1471 dictorum
503 1407 687 1470 servientum
704 1405 847 1494 Collegii,
873 1407 913 1469 de
938 1408 1027 1470 bonis
1050 1407 1272 1469 communibus

117 1493 255 1577 ejusdem
270 1492 414 1557 volumus
429 1493 592 1579 provideri.

1282 1111 1389 1160 Doctum.

120 1695 200 1781 Cap.
218 1699 370 1766 {ru-De
393 1703 506 1766 lecturo
530 1711 713 1767 statutorum
737 1713 783 1766 ter
806 1706 839 1766 in
861 1724 940 1768 anno
964 1704 997 1766 in
1021 1699 1178 1768 Sociorum
1186 1723 1272 1788 prce-

564 1791 828 1874 sentiafacicnda.

163 1921 329 1992 Praeterea,
343 1933 377 1984 ut
394 1923 459 1985 haec
475 1934 580 1986 nostra
599 1924 801 1988 ordinationes
823 1935 855 1986 et
879 1932 996 1987 statuta
1017 1920 1136 2008 plenius
1159 1921 1272 1984 intelli·
1283 1933 1360 2009 'rhree
1371 1933 1454 1997 yearly

120 2021 236 2093 gantur
251 2007 426 2094 meliusque
442 2023 607 2089 serventur,
626 2031 714 2075 acne
728 2011 895 2096 quisquam
916 2010 1073 2074 Sociorum
1089 2007 1137 2071 vel
1151 2008 1271 2071 schola·
1284 2000 1447 2110 megpugugor

121 2095 204 2157 rium
230 2099 417 2179 praetendere
441 2094 542 2159 valeat
567 2097 774 2182 ignorantiam
789 2098 820 2159 in
833 2097 969 2173 eisdem3
995 2095 1170 2174 statuimus
1186 2095 1271 2158 ordi-
1281 2070 1401 2176 mi?
1418 2080 1431 2111 ⁰

122 2201 233 2244 namus
247 2193 279 2242 et
294 2183 448 2254 volumus,
472 2194 515 2254 ut,
539 2184 579 2246 ad
604 2184 786 2246 mandatum
811 2183 960 2247 Custodis
983 2183 1038 2265 qui
1060 2203 1117 2266 pro
1133 2190 1273 2267 tempore

121 2267 224 2345 fuerit,
251 2277 299 2329 ter
323 2269 365 2330 ad
388 2269 491 2330 minus
515 2267 549 2330 in
573 2291 666 2349 anno,
690 2292 800 2332 omnes
822 2281 852 2332 et
876 2269 999 2356 singulii
1016 2269 1098 2333 Socii
1112 2270 1144 2330 in
1159 2289 1273 2352 magna

122 2352 196 2416 aula
210 2352 355 2439 Collegii,
377 2354 482 2439 aliquo
495 2354 546 2416 die
560 2376 706 2440 congmo‚
730 2379 793 2440 quo
808 2356 926 2442 absque
940 2355 1167 2439 impedimento
1182 2354 1271 2415 studii

123 2439 171 2503 vel
195 2439 320 2500 alterius
345 2451 433 2502 artus
456 2439 627 2503 scholastici
651 2442 764 2504 melius
779 2443 843 2504 lieri
860 2442 981 2524 poterit,
997 2442 1077 2503 sacta
1093 2439 1176 2521 prius
1191 2461 1272 2521 prae-

123 2525 297 2588 munitione
326 2525 420 2587 trium
450 2526 582 2596 dierum,
619 2526 750 2589 insimul
787 2539 990 2591 convocentur
1019 2538 1052 2588 et
1082 2525 1272 2595 conveniant,

122 2610 219 2673 semel
236 2609 381 2672 videlicet
404 2610 484 2672 infra
499 2621 567 2674 octo
586 2611 654 2674 dies
674 2612 723 2674 vel
738 2612 858 2675 circiter
872 2624 945 2675 ante
959 2613 1074 2674 festum
1091 2609 1272 2673 Natiuitatis

126 2695 267 2767 Domini,
292 2697 468 2781 iterumque
491 2695 570 2759 infra
593 2708 662 2760 octo
685 2698 749 2761 dies
769 2699 818 2760 vel
840 2698 963 2760 circiter
984 2707 1051 2760 ante
1065 2696 1196 2774 Pascha,
1212 2706 1273 2758 ter-

123 2783 231 2866 tioque
245 2784 324 2845 infra
337 2794 406 2845 octo
420 2783 486 2844 dies
499 2783 547 2845 vel
563 2783 681 2847 circiter
695 2794 764 2867 post
779 2784 893 2847 festum
915 2782 1146 2847 Translationis
1169 2781 1273 2846 Sancti

123 2867 280 2932 Thomas:
303 2868 416 2951 quibus
442 2868 583 2933 Custode
608 2882 638 2932 et
660 2870 757 2933 Sociis
779 2870 905 2933 insimul
925 2870 1132 2956 cougregatis,
1148 2867 1274 2931 ordina-

123 2955 222 3018 tiones
235 2965 266 3017 et
280 2966 398 3017 statuta
412 2957 486 3020 dicti
503 2955 636 3042 Collegii
651 2956 763 3020 faciant
782 2957 859 3020 inter
879 2979 911 3020 se
933 2957 1055 3041 publice
1079 2966 1110 3018 et
1132 2954 1274 3017 distincte

124 3040 187 3126 legi
210 3055 242 3103 et
264 3042 359 3105 etiam
383 3042 516 3113 recitari,
537 3041 581 3106 sic
604 3043 689 3127 quod
710 3044 816 3107 omnia
839 3055 871 3106 et
885 3042 1011 3127 singula
1025 3040 1230 3105 ordinationes
1245 3052 1276 3104 et

124 3138 240 3190 statuta
253 3139 365 3200 nostra,
382 3128 414 3191 in
429 3129 521 3191 dictis
536 3129 633 3191 tribus
652 3131 767 3193 vicibus
787 3128 879 3192 simul
895 3127 1018 3211 junctis,
1043 3127 1182 3213 plenarie
1203 3149 1275 3212 per·

123 3212 279 3298 legantur.
324 3213 542 3299 Volumusque
572 3216 657 3299 qnod
686 3216 792 3278 nullus
820 3216 894 3278 dicti
924 3213 1057 3300 Oollegii
1085 3213 1197 3276 Socius
1225 3213 1433 3292 velPenaltynn

122 3298 271 3362 scholaris
286 3323 306 3362 a
322 3301 444 3364 lectura
458 3314 489 3363 et
506 3302 681 3365 recitatione
694 3301 880 3385 hujusmodi,
900 3300 1123 3385 impedimento
1138 3309 1273 3362 cessante
1283 3295 1391 3344 absence.

124 3384 272 3470 legitimo,
296 3409 329 3449 se
344 3387 489 3459 absentet,
513 3388 571 3449 sub
586 3409 681 3472 poena
694 3389 867 3450 amissionis
882 3408 1125 3450 communarum
1141 3406 1272 3447 suarum

123 3493 178 3555 per
192 3472 403 3557 quindenam
427 3494 523 3555 quam
541 3494 663 3554 poenam
679 3473 910 3557 delinquentem
924 3473 957 3533 in
975 3473 1035 3534 hac
1055 3482 1144 3554 parte
1166 3472 1272 3532 incur·

124 3579 190 3619 rere
212 3557 364 3628 volumus,
388 3560 454 3640 ipso
477 3558 567 3619 facto.
611 3558 799 3637 Statuentes,
823 3569 980 3640 praeterea,
1005 3558 1035 3618 in
1050 3557 1105 3617 illa
1118 3556 1186 3619 vice
1201 3568 1414 3619 con-Manena·

124 3643 276 3706 ventionis
301 3665 352 3705 seu
378 3643 626 3727 congregationis
649 3644 834 3721 eomndem,
862 3664 932 3725 quae
956 3643 1015 3704 erit
1039 3653 1110 3703 ante
1137 3641 1272 3719 Pascha,
1283 3652 1377 3700 prayers
1388 3640 1413 3682 ss
1440 3698 1446 3711 ,

125 3729 229 3814 primo
251 3740 282 3790 et
308 3739 379 3790 ante
408 3729 528 3799 horam,
553 3740 782 3816 congregentur
809 3729 931 3801 Custos,
954 3727 1039 3791 Socii
1063 3738 1094 3789 et
1116 3725 1272 3789 scholares
1284 3701 1367 3748 uester
1376 3706 1491 3763 maeting.

124 3815 272 3900 praedicti,
287 3835 392 3876 ornnes
406 3825 436 3877 et
453 3813 573 3899 singuli
597 3827 768 3899 praesentes,
792 3814 822 3876 in
848 3813 1004 3897 capellam
1026 3814 1106 3878 dicti
1128 3810 1272 3896 Collegii,

124 3901 163 3963 de
177 3923 281 3974 mane,
292 3901 343 3964 ubi
357 3901 485 3963 missam
498 3903 535 3962 de
548 3901 664 3964 Sancta
673 3902 846 3980 Trinitate3
861 3901 892 3962 in
907 3923 969 3984 qua
981 3902 1124 3964 dicantur
1135 3898 1273 3982 quinque

124 3989 285 4061 orationes,
309 3987 410 4071 prima
429 3987 573 4051 videlicet
587 3988 626 4050 de
639 3987 753 4052 Sancta
767 3987 932 4061 Trinitate,
955 3987 1088 4049 secunda
1103 3985 1141 4046 de
1156 3983 1274 4047 Sancta

125 4074 244 4148 Maria,
269 4075 362 4136 tertia
391 4096 447 4157 pro
472 4073 590 4137 salubri
620 4086 700 4137 statu
732 4074 852 4136 domini
882 4074 977 4136 nostri
1010 4072 1108 4157 Regis
1137 4067 1274 4134 Henrici

124 4159 219 4230 Sexti,
243 4161 342 4246 Regis
364 4160 496 4246 Angliae
519 4160 647 4223 illustris
671 4171 701 4222 et
726 4161 753 4223 F
754 4160 907 4224 undatoris
928 4159 1110 4244 principalis
1132 4159 1274 4245 ejusdem

125 4245 270 4332 Collegii,
284 4270 357 4309 curn
370 4248 510 4312 oratione
524 4251 543 4283 “
556 4247 752 4326 Quaesumus,
760 4245 968 4330 Omnipotens
984 4247 1082 4316 Deus,
1096 4256 1130 4306 ut
1142 4241 1275 4308 samalus

124 4344 197 4396 tuus
213 4333 284 4397 Rex
299 4346 329 4396 et
349 4333 513 4397 Fundator
529 4333 661 4412 noster,'’
685 4345 799 4418 quarta
822 4355 879 4417 pro
906 4331 1024 4395 salubri
1047 4340 1129 4393 statu
1156 4340 1274 4403 nostro,

124 4421 309 4502 superstites
324 4421 485 4493 fuerimus,
502 4442 576 4482 cum
591 4420 729 4484 oratione
752 4425 772 4456 “
783 4419 883 4501 Rege,
898 4417 1111 4502 quaesumus,”
1134 4427 1174 4491 et,
1198 4439 1273 4478 curn

124 4507 165 4566 ab
183 4504 243 4566 hac
256 4505 324 4568 luce
339 4507 489 4570 subtracti
504 4507 663 4579 fuerimus,
678 4507 748 4571 loco
763 4505 910 4570 orationis
935 4513 955 4541 “
968 4505 1166 4584 Quaesumus,
1192 4501 1274 4564 Om-

125 4591 269 4674 nipotens
292 4590 411 4664 Deus,''
441 4593 563 4658 dicatur
592 4593 692 4656 oratio
719 4591 884 4664 “Inclina,
913 4589 1079 4655 Domine”
1108 4612 1183 4653 cum
1209 4587 1274 4650 illis

124 4679 234 4756 verbiS,
251 4676 328 4740 “Ut
339 4679 479 4741 animam
492 4680 601 4744 famuli
613 4680 658 4743 tui
674 4679 806 4747 Henrici
820 4679 929 4765 Regis,
947 4677 1134 4741 Fundatoris
1144 4672 1274 4752 nostri,’·'
