3014 4898
252 436 294 500 58
502 435 639 503 Statores
654 439 693 519 <ff
701 435 759 498 All
772 434 864 503 sona
883 432 1010 514 Colleoe,
1032 433 1161 518 chord.

250 609 331 672 dicti
358 607 520 687 Custodis‚
545 607 581 668 in
605 606 759 691 capellam
782 606 828 669 vel
851 607 953 668 alium
968 605 1075 668 locum
1091 606 1172 667 infra
1187 606 1310 667 dictum
1327 605 1401 670 Col-

250 695 374 780 legium
412 704 643 777 competentem
681 693 819 756 invicem
857 703 1075 771 convocentur,
1113 692 1154 753 ad
1191 694 1401 754 communiter

250 782 452 844 tractandum
467 794 497 843 et
511 780 748 843 deliberandum
763 801 860 860 super
882 777 1065 861 hujusmodi
1088 778 1245 861 negotiis3
1267 792 1297 841 et
1317 780 1400 862 quod
1486 832 1491 839 .

250 868 285 930 in
301 881 331 930 et
350 890 444 950 super
457 867 629 951 praemissis
654 865 864 928 communiter
884 888 939 950 per
963 886 1082 937 omnes,
1104 866 1154 926 vel
1176 888 1231 948 per
1253 864 1400 947 majorem

249 966 372 1037 partem
395 955 576 1016 artistarum
600 976 636 1015 ac
646 950 836 1034 juristarum
859 952 1026 1014 Sociorum
1048 952 1127 1015 dicti
1154 950 1302 1037 Collegii,
1325 966 1402 1013 tunc

250 1040 373 1102 ibidem
389 1041 602 1123 praesentium,
618 1037 710 1121 cujus
726 1052 795 1101 octo
805 1037 930 1119 juristae
946 1038 1075 1101 omnino
1096 1038 1231 1099 seniores
1256 1039 1402 1117 existant,

251 1126 463 1189 deliberatum
493 1127 589 1188 fuerit
619 1138 648 1188 et
676 1146 873 1202 consensum,
912 1125 1034 1188 roboris
1064 1123 1177 1185 habeat
1208 1124 1400 1187 firmitatem.

252 1210 421 1285 Volumus,
445 1213 584 1295 insuper,
608 1213 691 1294 quod
717 1210 795 1275 nihil
822 1233 875 1295 per
898 1211 1039 1295 aliquem
1063 1233 1117 1273 seu
1143 1210 1266 1292 aliquos
1290 1211 1401 1273 Socios

251 1298 330 1360 dicti
348 1299 485 1380 Collegii
501 1299 536 1359 in
552 1298 743 1360 contrarium
759 1308 972 1381 attemptetur,
996 1298 1032 1359 in
1056 1298 1121 1360 vim
1143 1297 1232 1359 dicto
1256 1296 1402 1382 Collegio

250 1385 389 1470 praestiti
398 1383 585 1467 juramenti.

253 1590 334 1677 Cap.
358 1592 511 1658 29.-De
533 1594 729 1658 servientibus
757 1593 962 1744 comnrtpunibos
995 1593 1132 1679 Colleqii,
1162 1596 1252 1658 etde
1281 1615 1403 1658 nanwro

741 1702 813 1744 eoru
855 1703 910 1744 em.

40 1819 91 1869 The
101 1821 222 1886 muricipis
297 1813 388 1892 Item,
413 1812 594 1892 statuimus,
617 1815 802 1877 ordinamus
824 1826 853 1879 et
874 1814 1031 1894 volumus,
1054 1815 1139 1898 quod
1163 1815 1198 1877 in
1222 1815 1308 1878 dicto
1329 1815 1405 1880 Col·

40 1886 212 1999 ffigldssfm
254 1900 347 1984 legio,
371 1901 411 1962 de
430 1900 579 1983 expensis
605 1899 755 1985 Collegii,
773 1923 897 1984 semper
917 1902 958 1964 sit
974 1902 1176 1985 mancipium
1192 1900 1259 1963 sive
1275 1902 1402 1984 dispen-

40 1986 135 2064 dutiea'
192 1969 198 1999 ¹
256 2000 348 2066 sator,
367 1986 435 2069 qui,
458 2009 532 2048 cum
556 1986 772 2070 supervisione
796 1987 1013 2051 bursariorum
1029 1998 1059 2049 et
1075 1985 1250 2066 senescalli,
1265 1987 1403 2071 singulis

252 2073 453 2157 septimanis,
477 2073 516 2134 de
539 2072 732 2135 victualibus
756 2074 1017 2156 septimanalibus
1046 2074 1225 2157 emptiones
1250 2087 1280 2135 et
1298 2075 1403 2156 provi·

255 2160 363 2222 siones
387 2158 488 2231 saciat,
512 2180 635 2221 necnon
664 2160 896 2242 dispensationi
924 2161 1016 2242 panis
1046 2174 1077 2222 et
1105 2173 1197 2245 potus
1224 2160 1406 2242 specialiter

252 2244 509 2330 superintendat:
532 2246 592 2308 sub
617 2267 679 2330 quo
702 2244 849 2308 volumus
873 2246 957 2330 quod
977 2268 1062 2309 unus
1078 2247 1122 2309 sit
1138 2246 1404 2329 subdispensator,

255 2332 311 2414 qui
335 2332 371 2393 in
390 2332 534 2414 panetria
555 2344 587 2395 et
610 2331 775 2394 botellaria
790 2333 872 2395 dicti
887 2332 1036 2418 Collegii,
1053 2333 1094 2394 ad
1108 2332 1305 2396 serviendum
1322 2332 1405 2396 Cus-

256 2418 331 2488 todi,
352 2417 457 2480 Sociis
482 2429 513 2480 et
538 2418 738 2482 scholaribus
766 2418 916 2502 ejusdem,
935 2417 1056 2500 jugiter
1078 2419 1189 2481 debeat
1213 2440 1404 2501 permanere.

42 2519 225 2569 Thecookand
257 2504 296 2568 ln
313 2525 413 2589 coqua
426 2526 499 2568 vero
514 2504 557 2567 sit
571 2527 655 2567 unus
670 2505 860 2590 principalis
882 2526 1013 2589 coquus,
1036 2505 1103 2588 qui,
1128 2529 1202 2568 curn
1226 2505 1290 2567 sibi
1314 2527 1405 2567 vaca-

42 2585 197 2634 hismbordi·
256 2591 346 2665 verit,
362 2591 526 2674 mancipio
548 2592 615 2654 sive
637 2592 848 2674 dispensatori
871 2593 1022 2676 praedicto
1045 2593 1080 2653 in
1103 2592 1321 2676 emptionibus
1340 2592 1407 2653 vic·

41 2655 116 2698 ''m''
256 2676 393 2739 tualium
415 2677 544 2740 assistat
552 2706 562 2757 ;
584 2690 614 2740 et
639 2678 720 2741 duos
736 2680 795 2742 sub
810 2702 847 2742 eo
860 2679 1042 2756 servientes,
1064 2701 1164 2741 unum
1180 2679 1361 2761 garcionem
1376 2692 1408 2739 et

257 2762 389 2824 alterum
404 2775 568 2846 pagetum,
591 2763 719 2835 habeat,
735 2765 885 2827 similiter
901 2764 941 2825 de
958 2765 1050 2827 bonis
1068 2763 1205 2846 Collegii
1226 2764 1406 2846 supradicti

43 2860 94 2909 The
105 2867 183 2924 portet
196 2862 245 2910 and
258 2847 462 2910 exhibendos.
506 2847 566 2919 Sit,
592 2849 732 2930 insuper,
757 2873 841 2912 unus
852 2849 982 2932 janitor,
1000 2856 1100 2935 portae
1111 2848 1251 2931 ejusdem
1266 2848 1406 2934 Collegii

44 2925 135 2974 barber.
258 2933 443 2995 claudendae
478 2944 508 2996 et
540 2935 717 3016 aperiendae
745 2937 939 3022 temporibus
972 2937 1087 2999 debitis
1112 2934 1232 3021 jugiter
1261 2937 1405 3018 superin-
1435 2954 1438 2959 ·

257 3018 404 3096 tendens3
434 3019 492 3103 qui
522 3021 613 3082 etiarn
641 3021 677 3082 in
705 3021 792 3085 dicto
823 3023 968 3104 Collegio
998 3022 1226 3086 barbitonsoris
1262 3023 1405 3085 officium

257 3117 407 3184 exerceat,
433 3119 465 3167 et
490 3105 661 3170 Custodem
691 3130 729 3169 ac
754 3107 875 3188 Socios,
904 3123 934 3172 et
960 3109 1116 3172 scholares
1146 3109 1227 3172 dicti
1256 3108 1405 3189 Collegii,

257 3191 363 3253 debite
387 3212 425 3253 ac
449 3190 618 3276 diligenter
642 3195 739 3272 radat,
762 3194 871 3276 eisque
891 3196 923 3256 in
948 3195 1032 3272 aula,
1052 3195 1088 3256 in
1103 3195 1296 3277 temporibus
1311 3197 1407 3256 refec-

256 3277 389 3357 tionum,
404 3277 508 3340 debite
527 3300 601 3340 cum
626 3281 746 3342 caeteris
770 3282 983 3344 servientibus
1007 3282 1171 3352 deserviat,
1198 3282 1282 3344 sicut
1305 3281 1405 3345 decet.
1432 3356 1434 3360 Ι

44 3364 195 3428 stabla-bey.
261 3365 311 3425 'Ac
326 3365 422 3427 etiam
437 3385 518 3427 unus
534 3366 651 3449 garcio,
675 3366 732 3450 qui
757 3389 853 3450 equos
877 3367 1012 3450 Collegii
1036 3368 1196 3431 custodiat
1220 3367 1406 3450 supradicti.

43 3458 153 3506 Servanti
163 3463 188 3506 to
199 3457 227 3506 be
261 3449 348 3511 lllud
362 3462 466 3530 autem
482 3453 667 3514 ordinamus
683 3475 739 3534 pro
755 3455 869 3516 futuris
885 3454 1082 3539 temporibus
1095 3453 1227 3516 firmiter
1240 3453 1406 3532 observari,

43 3521 128 3570 Μ’·
247 3536 342 3618 'quod
372 3536 497 3618 singula
534 3539 716 3600 ministeria
744 3540 831 3602 dicto
861 3539 1005 3625 Collegio
1034 3551 1065 3602 et
1094 3541 1237 3622 personis
1265 3538 1407 3621 ejusdem

259 3624 477 3705 competentia,
501 3625 674 3707 praesertim
690 3626 768 3686 infra
783 3639 874 3710 septa
887 3628 992 3688 mansi
1008 3625 1148 3708 ejusdem
1165 3626 1310 3707 Collegii,
1329 3627 1408 3687 fiant

258 3732 314 3791 per
328 3711 485 3771 masculos
497 3723 528 3771 et
543 3732 605 3772 non
621 3712 680 3792 per
695 3712 853 3792 mulieres,
877 3724 912 3774 ut
934 3712 1085 3797 quaelibet
1110 3713 1240 3775 sinistra
1264 3713 1408 3796 suspicio

43 3811 235 3864 Thelaundren.
260 3795 294 3854 in
317 3809 472 3876 quantum
498 3795 568 3856 fieri
593 3797 709 3879 poterit
724 3799 849 3860 cautius
863 3799 1013 3872 evitetur3
1028 3798 1093 3858 nisi
1109 3799 1151 3859 sit
1168 3820 1355 3883 mapparum
1371 3821 1408 3859 ac

258 3881 520 3942 vestimentorum
542 3881 680 3944 aliorum
703 3886 952 3946 necessariorum
968 3883 1132 3945 usualium
1152 3884 1254 3960 lotrix,
1269 3906 1340 3965 quae
1354 3905 1410 3964 per

259 3988 371 4028 manus
381 3965 530 4048 janitoris
546 3968 689 4050 praedicti
711 3969 840 4052 singula
854 3971 988 4053 recipiat
1002 3969 1050 4031 sic
1065 3968 1211 4045 lavanda,
1233 3970 1266 4028 in
1282 3968 1407 4029 defectu

258 4049 364 4113 lotoris
387 4052 541 4130 masculi3
565 4075 662 4136 quam
680 4053 752 4117 talis
768 4056 866 4117 aetatis
881 4055 1018 4139 talisque
1034 4055 1220 4115 conditionis
1236 4074 1304 4114 esse
1318 4051 1407 4114 volu-

236 4148 331 4199 mus
356 4138 389 4197 in
420 4160 516 4221 quam
545 4139 676 4202 sinistra
699 4141 843 4222 suspicio
869 4142 976 4204 merito
1001 4141 1110 4201 cadere
1133 4160 1195 4199 non
1220 4139 1331 4200 debeat
1356 4139 1408 4219 vel

261 4223 384 4284 haberi:
407 4246 502 4305 quem
524 4225 572 4287 vel
597 4247 704 4307 quam,
723 4237 809 4288 extra
825 4226 951 4287 invilla
965 4226 1156 4294 manentem,
1171 4225 1206 4285 in
1223 4225 1284 4285 fine
1300 4222 1406 4306 cujus·

258 4308 334 4371 libet
356 4311 491 4388 termini,
508 4311 669 4394 percipere
684 4310 831 4372 volumus
857 4333 914 4393 pro
937 4311 1063 4386 salario,
1080 4324 1173 4395 prout
1189 4312 1335 4391 bursarii,
1358 4313 1409 4375 vel

260 4393 371 4456 saltem
394 4396 591 4479 dispensator
606 4420 661 4460 seu
685 4397 896 4479 mancipium,
917 4419 991 4459 cum
1007 4398 1117 4458 eadem
1133 4396 1184 4459 vel
1199 4420 1273 4459 curn
1288 4401 1407 4478 eodem,

43 4497 172 4547 Auervent
183 4501 208 4544 1ο
260 4481 388 4543 nomine
397 4479 547 4567 Collegii,
557 4484 675 4545 melius
685 4484 801 4566 poterit
810 4485 1001 4546 concordari.
1029 4482 1233 4564 Ordinamus,
1249 4497 1408 4568 praterea,

44 4579 111 4623 ΜΠ
124 4562 162 4610 the
174 4561 247 4610 books
259 4569 343 4651 quod
367 4568 445 4629 inter
467 4567 547 4630 alios
571 4570 647 4631 dicti
672 4569 807 4656 Collegii
830 4571 1011 4644 servientes,
1030 4572 1071 4634 sit
1086 4594 1209 4656 semper
1223 4595 1305 4635 unus
1321 4574 1409 4636 suffi-

43 4625 227 4699 w‘l⁰'⁰h⁰⁰¹-⁸'
259 4657 341 4720 ciens
355 4667 386 4718 et
408 4654 538 4718 idoneus
563 4658 603 4720 ad
623 4658 829 4721 deserendum
853 4657 950 4722 libros
972 4658 1136 4722 Sociorum
1160 4672 1190 4722 et
1217 4659 1408 4724 scholarium

123 4828 288 4858 ⁴*-
