3014 4898
255 313 300 377 e
499 305 1006 395 maerensque,
1027 308 1166 399 ossea¹

258 481 410 567 Henltsay
425 480 474 546 vel
496 481 629 568 Boteley
643 479 729 544 ultra
743 479 960 559 Thamesiam,
976 481 1010 543 in
1025 477 1145 543 boreali
1161 499 1231 541 vero
1246 494 1347 562 usque
1371 477 1412 539 ad

257 571 371 632 fossam
387 578 528 631 vocatam
551 569 721 654 vulgariter
737 567 919 647 Greudech,
934 581 967 630 et
990 565 1135 630 orientali
1150 588 1251 650 usque
1267 565 1307 626 ad
1324 564 1413 626 villas

255 655 296 718 de
309 655 483 740 Edyngtou
497 656 562 718 sive
576 655 714 740 Conley,
731 654 777 717 vel
794 654 860 717 alia
875 654 945 716 loca
959 655 992 715 in
1007 654 1103 717 dictis
1117 654 1260 737 partibus
1275 651 1314 714 ab
1329 648 1413 716 Uni·

257 743 402 805 versitata
417 743 577 826 aequaliter
590 741 755 822 distantia,
767 739 943 826 specialiter
957 740 1105 803 dusinms
1120 738 1355 802 declarandum.

422 945 502 1031 Cap.
520 946 671 1012 la-De
684 948 835 1012 communi
847 968 951 1012 annuo
965 948 1092 1012 aedium
1108 947 1247 1013 liberato.

302 1084 466 1160 Praeterea,
480 1102 555 1144 cum
570 1081 650 1144 dicti
665 1079 800 1165 Collegii
819 1082 915 1157 Socii,
930 1083 1042 1145 naute
1064 1083 1171 1145 statuti
1188 1081 1276 1167 prius
1290 1102 1346 1165 per
1360 1101 1415 1143 nos

259 1173 344 1249 editi,
358 1171 398 1234 ad
410 1167 504 1232 illem
519 1168 733 1253 astringantur
748 1180 880 1232 vesturae
893 1169 1074 1233 decentiam
1088 1192 1159 1253 quae
1174 1168 1326 1232 honestati
1340 1189 1415 1230 con-

261 1257 363 1322 veniat
378 1253 536 1331 clericali;
558 1275 607 1332 ac,
621 1256 757 1339 imuper,
772 1277 845 1317 cum
864 1266 952 1318 extra
966 1253 1100 1341 Collegii
1123 1265 1215 1339 septa
1230 1255 1264 1317 in
1280 1252 1415 1318 Univer-

261 1345 351 1409 sitate
366 1340 539 1404 Oxoniensi
553 1352 718 1420 versentur,
731 1341 835 1427 rigore
849 1339 989 1424 ejusdem
1000 1342 1122 1425 statuti,
1137 1340 1279 1403 habitum
1295 1351 1416 1402 certum

262 1427 409 1512 superius
434 1449 538 1510 gerere
565 1438 751 1503 teneantur3
784 1449 820 1490 ee
852 1439 986 1514 propter,
1017 1449 1056 1490 ne
1082 1428 1263 1512 quicunque
1289 1437 1417 1512 propter

263 1513 446 1599 hujusmodi
474 1523 603 1576 vestusta
628 1513 796 1599 penuriam
826 1525 931 1576 contra
959 1514 1083 1577 dictum
1112 1525 1264 1577 statutum
1291 1513 1416 1575 causari

264 1604 393 1680 valeant,
423 1611 478 1662 aut
501 1599 659 1662 inhoneste
683 1622 789 1663 coram
813 1599 882 1664 aliis
906 1598 1127 1665 Universitatis
1152 1601 1305 1685 praedicta
1330 1599 1418 1663 scho-

52 1715 145 1775 Livery,
155 1727 181 1758 or
191 1708 255 1756 dress
265 1688 385 1752 laribus
398 1686 572 1765 videantur,
588 1685 638 1749 vel
661 1687 761 1750 etiam
776 1687 974 1764 erubescant3
996 1687 1177 1766 statuimus,
1191 1686 1374 1750 ordinamus
1387 1694 1419 1747 et

51 1780 78 1828 ot
85 1793 128 1827 oue
139 1774 195 1834 suit,
207 1773 243 1821 f⁰¹
266 1773 421 1852 volumus,
435 1772 562 1856 quodsi
577 1772 674 1836 armui
688 1773 827 1836 redditus
841 1794 879 1834 ac
898 1784 1062 1858 proventus
1077 1773 1158 1835 dicti
1174 1771 1324 1855 Collegii,
1342 1792 1418 1854 sup·

51 1842 158 1957 {iffi
169 1837 217 1888 and
267 1860 397 1946 portatis
410 1860 500 1943 prius
525 1860 670 1922 omnibus
683 1870 714 1921 et
735 1857 873 1945 singulis
887 1860 1032 1923 oneribus
1046 1858 1122 1922 aliis
1147 1859 1252 1922 eidem
1266 1857 1418 1942 qualiter·

267 1969 393 2029 cunque
407 1945 674 2024 incumbentibus,
687 1945 726 2008 ad
740 1944 800 2008 hoc
815 1959 992 2030 suppetant,
1007 1944 1123 2009 Custos
1136 1957 1167 2008 et
1182 1945 1271 2008 Socii
1286 1943 1419 2007 universi

267 2033 343 2096 dicti
359 2029 503 2116 Collegii,
518 2030 596 2094 infra
617 2053 750 2115 regnum
766 2031 895 2118 Angliae
907 2033 1078 2113 existentes,
1094 2043 1161 2094 tam
1183 2032 1277 2094 nostri
1292 2052 1418 2094 omuam

289 2117 375 2182 uinei
389 2139 486 2200 quam
501 2115 556 2180 alii
569 2117 628 2202 qui
642 2139 702 2204 pro
726 2129 864 2202 tempore
878 2119 1000 2198 luerint,
1016 2141 1091 2204 erga
1106 2119 1220 2180 festum
1237 2116 1420 2181 Natiuitatis

267 2141 413 2282 bomini,
439 2204 528 2266 annis
552 2205 695 2290 singulis,
710 2204 745 2266 in
772 2215 967 2290 perpetuum,
982 2216 1081 2268 vestas
1101 2205 1141 2267 de
1164 2227 1229 2267 una
1251 2216 1283 2267 et
1306 2203 1418 2265 eadem

268 2304 365 2370 secta,
383 2288 475 2373 juxta
490 2289 676 2373 qualitatem
702 2300 804 2354 statue
826 2302 857 2353 et
881 2292 998 2377 gradus
1012 2291 1166 2374 ipsorum,
1180 2291 1219 2353 de
1244 2289 1421 2352 sufficiente

268 2398 369 2461 pauno
385 2378 517 2440 habeant
532 2376 745 2456 condecentes,
761 2377 800 2440 de
820 2377 909 2440 honis
931 2377 1156 2441 communibus
1169 2376 1251 2439 dicti
1268 2374 1421 2462 Collegii;

269 2464 365 2548 pretii
380 2462 546 2548 cujuslibet
562 2463 679 2550 integri
701 2463 808 2547 panni,
823 2473 1029 2547 competenter
1051 2463 1267 2547 aquatificcati
1282 2475 1313 2526 et
1331 2462 1421 2532 tonsi,

270 2551 460 2613 continentes
480 2549 522 2611 ad
547 2550 666 2636 viginti
680 2561 814 2632 quatuor
835 2550 976 2634 virgatas
991 2550 1026 2612 in
1051 2549 1255 2636 longitudine
1279 2559 1309 2610 et
1325 2571 1422 2610 unam

272 2637 422 2721 virgatam
434 2647 466 2698 et
480 2637 541 2697 tria
552 2636 713 2718 quarteria
723 2636 756 2697 in
771 2635 951 2714 latitudine,
965 2637 1176 2721 quadraginta
1187 2656 1240 2696 sex
1252 2634 1421 2697 solidorum

271 2721 305 2783 in
328 2732 403 2785 toto.
447 2720 646 2798 Ordinantes,
671 2736 830 2804 praeterea,
860 2722 944 2805 qnod
969 2721 1083 2785 Custos
1112 2720 1280 2805 praedictus
1310 2719 1420 2781 decem

272 2807 406 2892 virgatas
419 2807 516 2890 panni
531 2805 711 2888 hujusmodi
727 2829 783 2888 pro
798 2808 867 2870 suis
876 2808 1011 2871 vestibus
1022 2807 1188 2893 percipiat.
1222 2805 1423 2890 Supradiotis

271 2892 391 2955 caeteris
406 2913 476 2954 vero
488 2891 599 2971 Sociis,
613 2893 783 2976 dequibus
797 2893 1008 2979 praemittitur,
1022 2915 1084 2956 uon
1099 2893 1245 2957 omnibus
1260 2892 1423 2977 aequaliter

271 2980 328 3042 sed
348 2991 454 3040 tamen
466 2979 508 3040 de
532 3001 634 3062 panno
659 2977 843 3061 hujusmodi
865 2980 1052 3066 affligiretur,
1075 2992 1229 3064 quantum
1245 2979 1287 3041 ad
1314 2979 1423 3041 unius·

271 3085 394 3146 cunque
407 3075 513 3149 togam
528 3065 593 3128 sive
606 3086 721 3150 gorram
738 3078 767 3129 et
786 3066 960 3145 tabardam,
974 3066 1133 3129 chimeras
1148 3065 1195 3130 vel
1210 3065 1423 3144 armilausam,

272 3149 387 3213 talares
416 3172 491 3213 cnm
511 3151 647 3235 ospicio,
673 3151 783 3215 habito
805 3165 951 3237 respectu
973 3152 1082 3215 debito
1111 3153 1151 3215 ad
1173 3151 1423 3236 percipientium

272 3236 401 3321 gradus,
415 3247 514 3299 status
526 3248 558 3298 et
572 3237 669 3299 etiam
684 3248 826 3318 staturas,
842 3238 1018 3301 secundum
1033 3237 1138 3323 majus
1153 3253 1183 3302 et
1197 3239 1316 3316 minus,
1327 3237 1425 3300 ratio·

274 3322 421 3386 nabiliter
443 3323 577 3385 sufficiet
594 3336 626 3384 et
640 3322 785 3402 decebit3
811 3324 946 3410 singulis
970 3325 1083 3408 pannis
1098 3325 1179 3388 inter
1204 3324 1347 3410 singulos
1362 3333 1424 3386 tres

57 3415 230 3525 rimeotpur·
272 3407 382 3473 Socios
410 3409 602 3474 dividendis.
646 3409 869 3495 Volumusque
901 3411 1031 3495 insuper
1057 3424 1088 3474 et
1115 3412 1312 3491 ordinamus,
1338 3409 1424 3495 quod

57 3481 207 3592 diffibisiion
274 3517 398 3578 panum
414 3495 606 3582 hujusmodi,
620 3518 695 3559 cum
705 3495 798 3579 juxta
812 3507 930 3560 statuta
944 3498 1110 3580 premissa
1124 3497 1259 3560 eundem
1273 3497 1339 3560 emi
1354 3519 1426 3560 con-

209 3578 217 3594 '
275 3581 391 3663 tigerit,
405 3594 476 3644 ante
490 3583 606 3644 testum
634 3581 814 3662 Michaelis,
834 3581 928 3665 juxte
949 3583 1172 3647 discretionem
1192 3583 1355 3662 Custodia,
1371 3595 1426 3646 aut

274 3689 312 3731 eo
337 3667 464 3730 absente
488 3667 539 3731 vel
559 3668 717 3750 impedito
732 3666 968 3747 Vicecustodis,
986 3681 1016 3732 et
1037 3671 1171 3734 duorum
1198 3671 1426 3747 bursariorum,

273 3753 400 3816 omniuo
422 3763 565 3830 eruatur3
585 3764 616 3815 et
631 3755 716 3836 quod
736 3753 819 3816 infra
839 3753 1035 3839 quindenam
1050 3767 1122 3840 post
1137 3757 1251 3818 festum
1268 3755 1426 3818 Omnium

273 3837 471 3918 Sanctorum,
484 3839 578 3901 annis
591 3839 740 3922 singulis,
753 3861 828 3902 curn
850 3862 923 3902 eum
938 3841 1088 3903 distribui
1110 3841 1289 3924 contigerit,
1305 3840 1425 3900 eisdem

275 3922 410 3986 Custodi
432 3938 464 3986 et.
486 3925 593 3988 Sociis
618 3924 791 4000 liberetur3
815 3924 939 4002 adhoc,
961 3939 999 3988 ut
1010 3925 1102 3989 Socii
1117 3938 1148 3988 et
1164 3924 1323 3987 scholares
1346 3923 1427 3984 dicti

275 4009 374 4071 uestri
387 4008 529 4096 Collegii
552 4009 749 4073 uniformiter
763 4011 939 4074 vestiantur
951 4023 981 4073 et
995 4012 1119 4074 honeste
1144 4010 1258 4072 habitu
1274 4009 1426 4071 conformi

59 4093 433 4165 Scholsntofindiucedaut.
491 4095 712 4180 Volumusque
739 4097 824 4181 quod
852 4117 962 4158 omnes
991 4107 1021 4158 et
1052 4095 1181 4182 singuli,
1209 4092 1428 4179 cujuscunque

62 4179 121 4228 their
132 4194 183 4228 own
192 4177 263 4237 drus,
278 4180 393 4242 luerint
406 4181 576 4259 facultatis,
588 4180 625 4242 in
644 4181 799 4244 scholares
813 4180 952 4266 Collegii
975 4181 1074 4244 nostri
1088 4180 1242 4243 antedicti
1257 4182 1297 4242 ‹le
1316 4192 1429 4246 caetero

60 4243 241 4356 ffiffiffi„
276 4265 471 4338 admittendi,
486 4266 670 4350 sumptibus
684 4267 752 4329 suis
767 4267 907 4351 propriis
921 4277 952 4328 et
970 4268 1126 4350 expensis,
1140 4267 1220 4330 inira
1235 4267 1427 4351 quindenam

62 4370 207 4422 otram...
276 4367 441 4434 postquam
466 4352 502 4415 iu
516 4351 671 4415 scholares
694 4350 833 4435 ejusdem
860 4351 1077 4432 admittantur,
1093 4354 1133 4416 de
1156 4353 1266 4418 habitu
1281 4378 1340 4418 suo
1354 4379 1428 4418 con-

275 4437 392 4503 similis
403 4436 519 4502 coloris
532 4437 636 4499 vestiri
650 4437 816 4504 Sociorum
837 4438 1023 4522 provideant
1042 4463 1098 4503 seu
1121 4441 1281 4527 provideri
1295 4442 1429 4508 faciant.

202 4535 204 4538 '
277 4522 484 4610 Ordinamrp,
496 4524 639 4607 insuper,
653 4525 740 4609 quod
755 4526 818 4588 ‹loo
843 4526 975 4590 bursarh
991 4527 1023 4589 in
1041 4528 1206 4616 partitione
1229 4545 1261 4594 et
1274 4529 1429 4594 divisione
