3014 4898
223 187 266 251 aa
478 181 1136 271 meermannianam

224 360 324 420 etiam
339 358 367 420 si
383 356 509 420 lectuna
525 355 701 435 intendant,
724 355 956 439 impedimento
977 362 1120 417 cessante
1143 350 1303 438 legitimo,
1327 367 1393 432 per

225 442 399 510 Custodem
422 454 454 506 et
477 442 641 506 Decanum
656 441 817 527 juristam,
837 464 894 505 seu
908 438 1048 506 Custode
1064 442 1196 503 absente
1211 458 1269 522 per
1285 432 1389 497 Vice-

226 530 390 594 custodem
419 542 453 591 et
481 528 650 594 Decanum
680 528 879 611 praedictum,
914 525 1135 612 approbando,
1164 547 1184 586 a
1212 518 1391 607 principio

227 617 383 700 usquead
403 610 498 679 funem
514 616 669 694 interesse,
685 625 714 678 et
732 614 884 696 singulos,
899 625 1014 698 proeter
1034 612 1193 689 Doctores,
1210 630 1270 672 suo
1284 629 1389 670 cursu

227 714 259 766 et
283 702 392 766 ordine
415 702 588 785 disputare,
613 700 759 764 volumus
781 711 812 764 et
835 700 934 763 etiam
958 698 1153 763 ordinamus.
1199 693 1240 758 ln
1264 692 1390 778 quibus

118 856 121 861 ,
228 788 325 852 etiam
334 784 608 874 disputationibus
616 785 907 870 quaestionibusque
916 785 1073 864 tenendis,
1083 783 1230 848 volumus
1237 778 1390 864 juniores

96 870 104 885 ’
227 897 283 960 per
297 874 467 937 Decanum
483 895 580 937 suum
595 872 797 956 pradictum,
812 873 863 937 vel
878 871 951 956 ipso
969 873 1097 935 absente
1117 891 1174 954 per
1195 867 1332 931 seniores
1355 876 1388 927 et

229 960 438 1045 provectiores
474 959 644 1023 earundem
673 958 883 1021 scientiarum
917 980 973 1022 seu
1004 955 1204 1033 facultatum,
1234 949 1387 1038 regulari,

230 1046 345 1109 instrui
361 1059 391 1108 et
404 1045 501 1108 etiam
524 1042 679 1127 adjuvari.
722 1045 760 1109 Si
777 1045 850 1128 quis
874 1056 978 1107 autem
996 1043 1115 1127 absque
1132 1062 1231 1103 causa
1245 1038 1386 1102 rationa-

230 1130 302 1210 bili,
318 1132 411 1195 modo
424 1153 488 1214 quo
503 1131 707 1216 praemittitur
721 1130 936 1214 approbanda,
959 1129 1074 1192 absens
1087 1126 1185 1191 fuerit
1198 1149 1218 1188 a
1231 1125 1387 1209 disputa·

230 1218 317 1280 tione
340 1216 405 1296 cui,
426 1227 463 1279 ut
487 1217 706 1300 praemittitur,
730 1218 879 1280 iuteresse
900 1217 1038 1294 deberet,
1059 1215 1098 1293 si,
1114 1213 1219 1298 prima
1233 1212 1302 1276 vioe
1316 1231 1387 1272 mo·

231 1303 328 1381 nitus,
345 1303 485 1366 secunda
496 1303 567 1366 vice
581 1304 691 1365 absens
701 1303 804 1382 fuerit,
815 1325 873 1387 per
884 1302 1134 1366 subtractionem
1145 1319 1387 1362 communarmn

231 1412 360 1452 suarum
377 1411 432 1473 per
449 1411 547 1451 unum
569 1388 665 1468 diem,
681 1387 709 1451 si
728 1389 819 1452 tertio
843 1410 898 1473 per
914 1391 994 1451 duos
1009 1388 1088 1466 dies,
1111 1397 1142 1446 et
1157 1385 1187 1447 si
1202 1392 1315 1468 quarto
1329 1405 1389 1466 per
1421 1405 1429 1417 ·

254 1486 367 1537 uatuor
390 1472 469 1554 dies,
494 1489 524 1538 et
544 1474 593 1537 sic
613 1474 766 1560 deinceps
788 1475 909 1538 arctius
923 1476 1098 1537 secundum
1115 1472 1198 1556 quod
1213 1468 1343 1533 Custodi
1358 1480 1391 1530 et

231 1498 366 1623 l)ecano
396 1557 538 1643 ejusdem
568 1561 730 1624 facultatis
753 1559 845 1644 cujus
866 1572 911 1623 est
934 1561 982 1624 sic
1006 1560 1202 1642 deliuquens,
1227 1556 1289 1637 vel,
1312 1555 1390 1638 ipso

232 1641 370 1710 Custode
385 1647 516 1727 absente,
531 1645 731 1711 Vicecustodi
746 1657 778 1711 et
799 1646 933 1710 Decano
954 1647 1105 1732 praedicto
1128 1643 1276 1727 expedire
1297 1639 1389 1704 vide·

232 1731 330 1811 bitur,
345 1731 529 1816 puniatur!

234 1939 314 2024 Cap.
334 1938 482 2006 la—-Do
501 1952 631 2028 tmqnora
648 1943 823 2008 mormandi
842 1943 961 2028 crudus
978 1946 1011 2007 in
1035 1942 1168 2027 qualibet
1181 1939 1345 2026 facultate,
1363 1947 1396 2001 st

642 2031 759 2114 yratiia
773 2050 833 2094 non
847 2030 976 2093 utendis.

59 2161 152 2238 'taking
164 2177 180 2209 a
280 2152 373 2233 Item,
389 2155 572 2236 statuimus,
590 2157 774 2220 ordinamus
788 2171 819 2219 et
835 2156 989 2235 volumus,
1011 2153 1096 2239 quod
1116 2151 1252 2237 quilibet
1275 2148 1393 2214 Socius

59 2225 160 2351 ἕξω·
236 2238 316 2302 dicti
341 2238 489 2327 Collegii,
512 2243 556 2306 ad
578 2266 801 2328 quamcunque
824 2243 989 2305 scientiam
1014 2263 1069 2304 seu
1091 2238 1275 2340 facultatem
1290 2235 1393 2321 depu-

238 2342 331 2406 tatus,
350 2350 453 2392 annos
469 2328 504 2391 in
520 2329 593 2413 ipsa
608 2329 759 2392 facultate
774 2352 830 2392 seu
847 2328 978 2392 scientia
993 2346 1192 2404 necessarios,
1212 2333 1345 2387 statutos
1359 2338 1394 2385 et

239 2412 348 2475 haberi
377 2424 541 2479 consuetos
565 2412 599 2479 in
633 2416 843 2480 Universitate
873 2414 1032 2562 Eraedicta,
1059 2415 1177 2497 absque
1213 2409 1396 2472 remissione

238 2499 389 2583 temporis
413 2515 467 2564 aut
491 2500 710 2586 completionis
735 2503 848 2580 formae,
896 2503 986 2564 abeat
1004 2500 1143 2581 integros
1158 2508 1190 2561 et
1206 2492 1381 2580 completos

239 2601 409 2667 antequam
449 2586 491 2649 ad
553 2585 650 2649 adum
680 2587 934 2650 baccalaureatus
964 2587 997 2648 in
1028 2586 1139 2648 eadem
1169 2582 1314 2646 facultate
1342 2542 1393 2644 vel

239 2669 374 2731 scientia
396 2610 631 2753 quomoddlibet
650 2670 847 2734 admittatur.
891 2670 1017 2745 Quibus
1038 2671 1133 2734 annis
1163 2666 1339 2753 completis,
1362 2662 1393 2730 ai

235 2752 362 2838 judicio
384 2754 547 2835 Custodia,
560 2754 797 2837 Vicecustodis,
828 2755 1032 2822 Decanomm
1056 2771 1087 2820 et
1109 2755 1336 2831 bursariomm,
1365 2751 1393 2814 si

240 2854 410 2986 praesentes
431 2838 557 2922 fuerint,
581 2856 611 2905 et
633 2865 687 2907 sex
709 2842 841 2907 aliorum
856 2843 1015 2907 seniorum
1053 2843 1251 2907 raduatomm
1265 2840 1302 2903 in
1316 2836 1392 2902 Col·

254 2926 327 3011 egio
342 2936 417 2989 tunc
431 2929 645 3013 prasentium,
659 2952 792 3014 quorum
815 2930 879 2992 duo
898 2931 938 2992 de
963 2866 1164 2993 facultatibus
1183 2926 1267 3012 juris
1288 2923 1394 2990 civilis

241 3024 271 3072 et
286 3013 431 3075 canonici
444 3013 589 3094 existant,
613 3015 661 3078 vel
676 3017 711 3078 in
727 3016 828 3103 ipsius
843 3014 993 3079 Custodia
1008 3014 1147 3079 absentia
1162 3010 1392 3089 Vicecustodis,

243 3096 456 3178 Decanorum,
480 3101 692 3164 bursariomm
715 3117 745 3164 et
767 3123 822 3164 sex
843 3101 1000 3164 seniorum
1016 3101 1249 3186 praedictorum,
1268 3095 1393 3175 habilis,

241 3182 401 3246 sufficiens
429 3194 463 3250 et
491 3185 627 3266 idoneus,
657 3203 795 3272 repertus
829 3186 932 3267 fuerit,
969 3188 1102 3273 gradum
1138 3184 1394 3250 baccalaureatua

244 3285 400 3346 assumat3
427 3284 457 3333 et
480 3290 596 3334 extunc
618 3273 659 3336 ad
681 3273 846 3361 legendum
873 3272 1021 3337 continue
1045 3272 1327 3349 determinandum,
1347 3266 1394 3331 vel

243 3370 334 3419 actus
349 3356 429 3420 alios
444 3359 662 3438 exercendum,
684 3360 714 3422 in
738 3360 847 3423 eadem
872 3357 1010 3441 scientia,
1034 3379 1092 3443 pro
1114 3361 1213 3421 forma
1235 3354 1396 3434 ulteriore,

244 3441 333 3505 illico
357 3465 391 3506 se
414 3456 590 3508 convertat:
614 3459 644 3507 et
667 3446 784 3526 statim,
800 3445 960 3529 completa
981 3447 1081 3510 forma
1103 3444 1133 3508 in
1151 3445 1235 3507 dicta
1253 3438 1394 3508 Univer-

243 3528 332 3590 sitate
346 3539 465 3594 statuta
478 3542 509 3592 et
523 3531 618 3593 etiam
633 3529 775 3605 limitata,
790 3532 821 3593 in
839 3552 1023 3617 quacunque
1048 3532 1141 3594 fuerit
1163 3529 1314 3594 facultate
1340 3549 1395 3590 seu

244 3613 380 3685 scientia,
396 3630 425 3676 et
443 3638 505 3678 uno
520 3638 600 3679 anno
623 3616 704 3680 ultra
728 3617 863 3681 formam
887 3621 1028 3689 eandem,
1054 3614 1095 3680 ad
1122 3614 1337 3700 accipiendum
1364 3622 1397 3675 et

244 3701 466 3763 assumendum
481 3702 615 3788 gradum
632 3700 841 3803 Magistratus
855 3727 908 3766 seu
926 3702 1117 3768 Doctoratus
1131 3703 1163 3764 in
1180 3704 1248 3787 ipsa
1270 3694 1397 3763 scientia

244 3805 298 3845 seu
316 3785 460 3848 facultate
475 3809 543 3858 sua,
559 3789 585 3850 si
603 3787 732 3853 scientia
749 3802 780 3852 et
805 3789 942 3853 moribus
960 3789 1083 3876 judicio
1107 3788 1269 3859 Custodia,
1288 3784 1396 3849 Deca-

245 3889 354 3931 norum
379 3884 410 3933 et
433 3874 559 3957 majoris
581 3874 772 3960 seniorisque
802 3877 899 3958 partis
924 3875 1087 3939 Sociorum
1113 3877 1338 3959 graduatorunt
1365 3871 1397 3932 in

243 3954 327 4016 dicto
342 3955 486 4042 Collegio
501 3960 702 4032 studentium,
718 3961 776 4041 vel,
794 3963 824 4023 in
839 3961 982 4024 absentia
997 3960 1154 4032 Custodia,
1172 3957 1396 4035 Vicecustodis‚

247 4040 447 4105 Decanorum
462 4057 492 4107 et
508 4046 633 4129 majoris
649 4048 747 4129 partis
763 4047 987 4132 graduatorum
1010 4048 1236 4130 praedictorum,
1257 4052 1397 4129 repertus

244 4126 336 4191 fuerit
361 4126 473 4192 habilis
495 4143 523 4194 et
544 4131 685 4207 idoneus,
700 4131 902 4196 effectualiter
921 4134 958 4195 sit
978 4145 1125 4216 paratus3
1150 4133 1194 4198 sic
1208 4133 1305 4217 quod,
1321 4126 1397 4191 iufra

252 4348 257 4360 ¹
290 4286 307 4318 ⁸
324 4286 354 4363 ln
371 4287 415 4338 tha
430 4289 538 4381 marqiu,
550 4290 576 4339 iu
592 4306 608 4341 a
623 4299 862 4371 eontemporaneous
878 4293 954 4352 band,
972 4291 994 4342 is
1010 4291 1091 4342 added
1100 4291 1143 4342 the
1154 4291 1293 4369 following,
1305 4289 1397 4341 under·

240 4349 637 4470 ᾖᾝιρθρὲὶρω-Γὲφὴεοίοςι
653 4357 815 4422 vernalique
826 4357 875 4418 dre,
885 4358 961 4408 semel
972 4363 998 4406 et
1009 4355 1268 4420 senatrm‚d1spntare
1285 4370 1313 4406 m
1324 4355 1398 4419 pleno
