3014 4898
496 261 686 342 Iry'unctionc
699 264 738 343 of
755 261 891 326 Visitors.
1226 263 1269 332 97

116 432 230 516 piendo
255 430 455 503 mandamus,
469 433 564 514 quod,
590 430 615 491 si
638 431 768 514 posthac
792 431 905 514 aliquis
929 433 1091 497 Sociorum
1107 435 1155 498 vel
1177 435 1265 501 schc-

117 519 241 593 larium,
272 516 322 582 vel
350 517 431 580 alius
460 518 533 580 dicti
564 515 696 604 Collegii
727 519 867 581 minister
896 518 1083 603 quicunque,
1114 521 1266 587 mediator

115 605 251 667 extiterit
266 605 297 666 in
315 603 481 667 simoniaca
500 602 659 690 junctione
681 603 728 668 vel
751 604 890 688 pactione
912 626 968 689 pro
993 607 1158 670 obtinendo
1181 609 1265 671 scho-

115 688 190 752 laris
203 689 273 752 loco
296 691 328 751 in
344 689 426 753 dicto
442 688 592 775 Collegio,
608 711 665 772 per
687 691 921 777 resignationem
937 713 992 754 seu
1007 692 1069 754 alio
1084 713 1266 778 quocunque

118 777 213 838 modo
230 787 366 848 vacante,
380 787 478 858 atque
492 777 532 838 de
547 798 585 838 ea
597 777 746 858 pravitate
759 777 913 842 convictus
931 778 1018 841 fuerit
1032 776 1265 862 probationibus

116 861 158 923 ad
182 862 382 925 simoniacam
409 862 653 925 conveniendam
675 863 715 924 de
737 865 808 947 jure
830 863 1020 948 approbatis,
1039 864 1079 927 ab
1103 865 1171 948 ipsc
1190 867 1266 930 Col-

117 945 212 1031 legio,
228 961 379 1031 tanquam
393 948 541 1034 indignus
561 970 600 1010 ea
617 948 761 1011 societate
777 949 824 1012 vel
848 950 909 1012 alio
930 972 1116 1035 quocunqne
1131 950 1265 1039 Collegii

118 1034 297 1113 ministerio,
322 1045 522 1113 amoveatur;
546 1048 576 1097 et
590 1056 664 1117 pars
687 1035 764 1120 ipsa,
778 1033 867 1116 cujus
885 1037 999 1098 intuitu
1022 1036 1157 1099 simonia
1178 1060 1265 1102 com·

120 1121 212 1182 missa
227 1119 329 1195 fuerit,
344 1119 491 1186 inhabilis
506 1121 547 1183 ad
563 1121 748 1183 Societatem
765 1121 940 1186 habendam
956 1122 1157 1206 reputabitur.

162 1205 190 1267 3.
216 1205 311 1286 Item,
327 1207 507 1270 ordinamus
527 1217 558 1269 et
573 1206 727 1281 volumus,
744 1219 778 1270 ut
803 1207 913 1291 singuli
942 1208 1022 1271 Socii
1046 1220 1076 1270 et
1098 1209 1264 1283 scholares,

117 1301 182 1353 tam
207 1294 288 1355 infra
304 1292 485 1378 Collegium
501 1315 597 1375 quam
622 1305 720 1366 extra,
736 1294 880 1356 decenter
902 1307 933 1358 et
956 1294 1090 1358 modeste
1106 1296 1204 1358 vestiti
1219 1296 1264 1360 in·

40 1375 46 1386 ’
115 1379 246 1453 cedant;
270 1401 324 1441 nec
338 1391 426 1441 extra
449 1377 586 1464 Collegii
603 1391 689 1462 septa
710 1381 775 1442 sine
799 1381 907 1442 vestitu
929 1381 993 1443 suis
1016 1380 1166 1467 gradibus
1181 1403 1264 1446 com·

117 1467 233 1546 petenti
260 1465 338 1527 infra
366 1463 617 1533 Universitatem‚
647 1466 819 1549 praesertim
847 1467 878 1528 in
902 1466 1035 1549 publicis
1058 1467 1264 1542 consessibus,

117 1551 270 1624 videlicet,
285 1551 349 1611 sine
375 1550 464 1634 pileis
480 1549 648 1631 quadratis,
671 1550 750 1630 togis
765 1550 963 1629 scholasticis,
980 1554 1111 1635 caputiis
1127 1555 1263 1633 furratis,

118 1637 180 1698 sive
206 1636 384 1717 duplicatis,
400 1635 447 1698 vel
473 1635 663 1715 armilaricis,
691 1637 862 1699 secundum
887 1637 1076 1701 laudabilem
1099 1650 1264 1702 consuetu·

117 1723 222 1785 dinem
254 1722 470 1786 Universitatis
498 1722 661 1804 praedictae,
692 1743 802 1785 eorum
832 1724 977 1808 gradihus
1008 1725 1266 1798 convenientibus,

117 1810 332 1892 repet-iactum
348 1830 416 1870 non
433 1808 601 1894 graduatos
625 1829 696 1871 vero
710 1820 798 1872 extra
821 1821 910 1894 septa
924 1807 1058 1895 Collegii
1081 1810 1163 1895 togis
1178 1811 1264 1873 scho-

118 1893 234 1958 lasticis
249 1904 279 1957 et
293 1894 380 1978 pileis
395 1892 564 1977 quadratis,
582 1906 611 1956 et
627 1915 686 1958 non
709 1893 787 1970 aliis,
802 1896 846 1959 uti
861 1896 1012 1959 volumus.
1058 1895 1092 1958 Si
1107 1896 1178 1979 quis
1194 1919 1265 1960 vero

118 1978 221 2062 hujus,
237 1981 268 2042 in
284 1981 390 2063 aliqua
414 1981 461 2042 sui
476 1980 636 2064 particula,
653 1994 859 2065 transgressor
875 1983 978 2059 fuerit,
993 2004 1066 2045 eum
1085 2003 1144 2066 pro
1159 1983 1265 2066 prima

119 2067 182 2130 vice
210 2091 230 2131 a
252 2067 435 2130 communiis
458 2066 531 2128 dicti
557 2065 690 2154 Collegii
713 2071 858 2152 suspendi
885 2091 941 2152 per
964 2071 1184 2153 septimanam,
1210 2091 1266 2152 pro

119 2154 256 2216 secunda
278 2176 334 2238 per
349 2153 550 2235 quindenam,
565 2174 622 2238 pro
646 2154 737 2218 tertia
756 2155 818 2219 vice
836 2176 892 2240 per
906 2177 1065 2230 mensem;
1088 2166 1118 2218 et
1134 2154 1160 2216 si
1176 2154 1264 2216 dein·

118 2261 191 2322 ceps
206 2242 238 2300 in
265 2241 371 2302 eodem
395 2261 472 2301 anno
486 2239 656 2322 deliquerit,
674 2261 693 2300 a
709 2243 836 2302 vestitus
859 2240 998 2312 liberata,
1012 2240 1051 2302 de
1078 2241 1166 2303 bonis
1180 2260 1264 2302 conr·
1336 2269 1339 2275 ·

120 2324 268 2387 munibus
294 2325 368 2387 dicti
383 2324 516 2410 Collegii
530 2323 566 2388 eo
590 2346 670 2389 anno
685 2325 742 2388 sibi
765 2325 960 2411 assignanda,
981 2326 1095 2408 privari
1118 2324 1264 2388 volumus

117 2433 173 2494 per
189 2410 361 2476 Custodem
383 2423 414 2474 et
428 2410 597 2475 Decanum
620 2411 776 2476 facultatis
799 2435 873 2481 suaa,
892 2422 954 2481 aut,
973 2411 1114 2474 Custode
1128 2410 1266 2482 absente,

118 2517 174 2580 per
188 2496 430 2561 Vicecustodem
455 2510 485 2559 et
511 2497 672 2560 Decanum
697 2520 790 2560 suum
814 2497 1009 2581 praedictum,
1056 2497 1098 2560 Et
1113 2519 1176 2579 quo
1198 2497 1265 2560 haec

116 2585 313 2646 commodius
338 2583 421 2658 fiant,
436 2584 617 2646 ordinamus
641 2595 671 2646 et
694 2583 839 2646 volumus
855 2597 899 2662 ut,
917 2583 942 2644 si
968 2584 1059 2646 annui
1083 2582 1220 2646 redditus
1235 2595 1266 2645 et

118 2680 286 2754 proventus
311 2670 384 2732 dicti
411 2669 546 2756 Collegii
569 2669 773 2756 (supportatis
799 2670 884 2755 prius
913 2670 1058 2732 omnibus
1083 2680 1113 2730 et
1136 2668 1266 2755 singulis

118 2756 262 2819 oneribus
277 2755 345 2818 aliis
369 2756 469 2818 eidem
485 2756 741 2841 qualitercunque
765 2756 1032 2838 incumbentibus)
1055 2756 1095 2819 ad
1116 2754 1173 2818 hoc
1189 2778 1263 2839 sup·

119 2854 234 2925 petant,
259 2864 297 2904 ex
323 2841 440 2924 reliquo
455 2843 540 2925 quod
565 2847 707 2927 supersit,
724 2844 873 2927 portiones
895 2842 992 2926 panni
1007 2840 1184 2904 sufficientis
1206 2864 1265 2925 pro

119 2925 258 2991 liberatis
272 2927 403 2991 Custodi
427 2938 460 2992 et
476 2928 605 3014 singulis
630 2929 735 3008 Sociis,
747 2926 841 3009 juxta
863 2938 965 2991 ratam
980 2949 1000 2990 a
1026 2927 1116 2990 nobis
1130 2928 1265 3014 assigna·

118 3024 206 3091 tam,
231 3013 382 3085 videlicet,
401 3014 494 3079 Sociis
518 3037 579 3077 non
603 3015 763 3101 gradualis
784 3027 815 3077 et
845 3013 1064 3077 Baccalaureis
1090 3013 1122 3074 in
1146 3017 1265 3078 artibus

118 3121 179 3162 non
202 3100 283 3163 ultra
308 3102 445 3163 valorem
471 3115 605 3184 quatuor
629 3101 803 3178 librarum;
841 3100 1002 3184 Magistris
1027 3100 1059 3161 in
1081 3099 1210 3178 artibus,
1235 3110 1266 3162 et

118 3186 187 3249 aliis
211 3187 291 3249 infra
322 3187 510 3250 Doctoratus
537 3187 674 3272 gradum
701 3186 909 3265 existentibus,
934 3207 993 3247 non
1025 3184 1106 3247 ultra
1128 3184 1264 3248 valorem

118 3274 256 3354 quinque
279 3272 448 3348 librarum;
475 3273 672 3350 Doctoribus,
689 3271 899 3354 cujuscunque
914 3271 1030 3333 fuerint
1054 3268 1218 3348 facultatis,
1234 3283 1265 3334 et

119 3357 271 3419 officiariis
300 3355 445 3441 Collegii,
476 3378 536 3418 non
566 3357 651 3420 ultra
682 3358 816 3421 valorem
851 3378 904 3417 sex
933 3356 1084 3417 librarum
1116 3355 1266 3418 tredecim

118 3441 285 3504 solidorum
310 3452 341 3502 et
368 3451 503 3524 quatuor
525 3443 739 3515 denariorum3
772 3440 905 3504 Custodi
936 3461 995 3502 uon
1025 3438 1108 3502 ultra
1129 3439 1267 3503 valorem

118 3527 264 3590 tredecim
295 3527 446 3590 librarum
468 3551 524 3591 sex
551 3529 719 3593 solidorum
747 3539 778 3589 et
800 3540 935 3610 quatuor
961 3525 1181 3604 denariorum3
1213 3549 1269 3588 an-

119 3613 249 3686 nuatim,
279 3624 348 3676 aute
378 3613 491 3675 festum
521 3614 704 3679 Natiuitatis
735 3614 876 3684 Domini,
907 3612 1071 3675 tradantur
1100 3621 1131 3674 et
1166 3613 1268 3675 distri-

118 3700 265 3762 huantur.

162 3786 194 3851 4.
217 3785 310 3855 Item,
326 3786 506 3849 ordinamus
521 3797 552 3850 et
577 3786 722 3850 volumus
738 3787 822 3872 quod
842 3784 922 3848 nulli
939 3783 1043 3861 Sosio,
1060 3781 1200 3855 scholari,
1215 3806 1268 3848 ca·

119 3872 253 3957 pellano,
270 3883 324 3935 aut
339 3870 391 3936 alii
411 3871 487 3935 dicti
511 3873 634 3957 collegii
653 3874 805 3946 ministro,
829 3880 917 3934 extra
942 3869 1048 3933 aulam
1072 3891 1269 3936 communem

118 3960 274 4043 prandere
289 3971 344 4021 aut
356 3981 484 4034 coeuare,
495 3958 528 4020 in
538 3959 695 4022 cubiculis
707 3960 771 4023 suis
783 3957 830 4023 vel
846 3957 919 4022 alibi
935 3957 1011 4019 infra
1024 3954 1218 4041 Collegium,
1232 3959 1271 4020 de

121 4046 298 4129 sumptibus
309 4044 447 4130 Collegii
458 4047 653 4130 permittatur
664 4070 673 4122 ;
691 4046 752 4108 nisi
764 4068 801 4108 ex
811 4046 898 4128 justa
905 4065 1008 4116 causa,
1021 4064 1075 4125 per
1089 4042 1269 4118 Custodem,

120 4131 199 4192 etin
216 4133 284 4215 ejus
298 4133 438 4195 absentia
452 4154 508 4216 per
519 4131 771 4205 Vicecustodem,
788 4143 817 4195 et
832 4132 1000 4195 Decanum·
1022 4151 1085 4190 suae
1102 4129 1271 4209 facultatis,

120 4218 336 4299 approbanda.
384 4219 424 4281 Et
450 4221 476 4282 si
498 4216 569 4280 huic
593 4218 778 4280 ordinationi
801 4218 872 4300 quis
895 4213 1128 4290 contravenerit,
1153 4235 1198 4292 ac,
1216 4238 1273 4299 per

120 4323 248 4364 causam
270 4326 327 4386 per
348 4306 515 4388 praedictos
538 4325 598 4368 non
622 4305 869 4389 approbandam,
894 4301 1041 4365 alimenta
1064 4298 1223 4383 rictusque
1238 4301 1273 4363 in

120 4387 251 4471 prandio
270 4389 322 4450 vel
342 4412 431 4454 coena
453 4393 491 4455 de
506 4392 655 4476 impensis
668 4388 806 4472 Collegii
821 4388 976 4459 sumserit,
992 4387 1084 4450 illum
1099 4407 1156 4470 pro
1171 4409 1208 4469 pr
1298 4428 1312 4443 .-

1211 4409 1254 4451 un

121 4473 188 4541 vice
211 4476 435 4542 ceommuniis
459 4476 539 4544 dicti
553 4476 702 4648 Collegi&
713 4499 770 4648 per
785 4476 865 4542 duos
879 4475 958 4549 dies,
982 4496 1039 4558 pro
1057 4473 1194 4537 secunda
1216 4390 1373 4592 (ὲ,

706 4610 711 4623 .
1125 4579 1145 4623 a
