3014 4898
488 192 677 294 100ον000000
690 218 730 297 of
748 217 883 279 Visitors.
1222 216 1263 282 87

114 386 172 449 sibi
186 387 337 458 desumat,
352 387 377 448 si
394 386 479 450 ultra
494 410 547 448 sex
563 408 681 448 menses
697 385 793 462 abest,
809 385 898 447 nulla
911 384 1092 468 aegritudine
1108 405 1165 447 nec
1176 382 1264 467 justa

117 471 234 554 alioqui
253 495 349 536 causa
373 472 547 557 impeditus
561 469 615 554 jus
639 493 731 533 omne
757 473 844 554 quod
867 471 917 534 hic
948 469 1036 533 habit
1057 471 1112 533 illo
1142 493 1265 556 prorsus

116 558 298 639 ademptum
313 571 389 621 esto.

163 643 210 708 15.
235 643 413 708 Scholastici
429 641 622 707 baccalaurei
635 663 670 706 ac
686 643 781 704 etiam
801 641 892 727 primi
908 641 981 704 anni
998 641 1157 728 Magistri,
1173 665 1265 706 mane

117 729 196 791 intra
211 730 352 811 quintam
368 739 397 794 et
412 731 577 814 septimam
592 729 709 805 horam,
726 729 756 789 in
774 728 928 812 templum
944 727 1169 813 ingrediantur,
1183 730 1264 791 ordi·
1343 811 1345 816 Ι

117 836 219 897 neque
246 817 378 899 quisque
403 816 559 878 seniorum
587 815 705 898 primas
733 815 985 898 praescriptarum
1009 835 1138 896 precum
1163 826 1264 898 partes

118 912 288 985 peragant:
314 902 394 965 alius
412 901 476 963 alia
498 901 682 984 septimana,
707 900 814 962 caeteri
832 921 937 961 omnes
958 921 1020 961 uno
1037 921 1089 960 ore
1111 902 1264 963 secundas

117 986 285 1050 absolvent
329 988 470 1069 Quisque
499 987 617 1070 primas
642 1007 790 1071 peragens
819 985 970 1048 salarium
999 983 1124 1056 habeat,
1154 986 1265 1069 quavis

118 1071 318 1135 hebdomada
332 1095 406 1135 cum
421 1073 502 1134 vices
516 1071 658 1148 redeunt,
675 1071 838 1134 duodecim
853 1071 992 1133 denarios
1008 1083 1169 1135 nostrates.

164 1157 214 1220 16.
239 1158 333 1222 Sexta
348 1181 421 1223 cum
437 1170 523 1221 sonat
539 1157 625 1236 hora,
636 1157 676 1219 ad
691 1179 764 1219 suas
780 1157 911 1240 quisque
923 1157 1074 1244 primates
1083 1156 1220 1222 lectiones
1234 1181 1268 1221 se

117 1244 263 1306 conserat.

163 1327 214 1397 17.
241 1329 327 1392 Ante
342 1329 504 1413 prandium
519 1339 548 1393 et
559 1329 717 1414 aprandio
728 1350 788 1391 una
804 1327 1000 1411 Deooptimo
1014 1329 1266 1390 maximoomnes

119 1416 234 1499 gratias
244 1427 346 1501 agant,
360 1437 530 1498 precesque
541 1438 580 1477 ex
594 1415 702 1477 animo
717 1414 926 1498 potiusquam
937 1415 974 1477 do
990 1435 1075 1477 more
1090 1413 1265 1493 effundant3

118 1523 235 1582 easque
252 1511 400 1584 perpetuo
416 1503 532 1584 petitas
547 1523 567 1562 a
581 1500 676 1562 sacris
691 1500 795 1563 literis.

165 1586 212 1649 18.
237 1585 476 1663 catechismum,
493 1608 588 1670 quem
610 1585 736 1668 publica
758 1586 846 1670 regui
871 1586 1009 1663 consilia,
1029 1583 1107 1659 Rex,
1127 1597 1265 1664 senatus,

118 1671 318 1766 populusque
329 1667 537 1750 Britannicus,
546 1673 759 1747 consenserint,
765 1668 894 1752 juvenes
902 1693 1010 1733 omnes
1019 1669 1149 1734 discant.
1160 1670 1266 1735 Nemo

118 1780 330 1841 cujuscunque
357 1756 542 1821 Scholastici
567 1769 652 1820 tutor
675 1758 727 1827 sit,
744 1759 818 1839 quin
844 1757 901 1820 sibi
927 1758 1117 1839 imperatum
1138 1757 1215 1819 sciat
1230 1769 1266 1820 ut

118 1865 190 1904 eum
206 1847 310 1907 statim
325 1843 356 1906 in
372 1843 456 1906 hisce
478 1845 551 1908 fidei
574 1844 738 1928 praeludiis
754 1844 955 1905 exercendum
977 1840 1266 1926 instituendumque

118 1939 215 2007 curet,
231 1940 394 2014 postquam
410 1929 489 1993 duos
505 1952 627 1993 menses
638 1931 708 2014 jam
723 1929 817 1991 luerit
833 1928 866 1989 in
884 1931 943 1992 hoc
959 1926 1114 2013 Collegio.
1161 1928 1195 1990 Si
1211 1929 1266 2013 qui

117 2014 229 2078 harum
251 2037 353 2078 rerum
378 2016 479 2100 ignari
500 2018 699 2100 reperientur,
724 2014 850 2098 culpam
872 2015 973 2078 ineos
993 2013 1052 2097 qui
1073 2015 1133 2077 ista
1157 2013 1267 2078 docere

19 2125 21 2130 ·
119 2099 263 2163 deberent
278 2100 433 2164 volumus.

167 2186 213 2246 19.
237 2186 312 2249 Non
329 2186 393 2248 nisi
409 2207 507 2248 unum
524 2185 629 2261 altare,
643 2186 686 2249 vel
698 2187 803 2268 potius
819 2207 916 2248 unam
932 2207 1071 2247 mensam
1081 2184 1222 2263 Domini,
1236 2186 1267 2248 10

119 2271 235 2333 sacello
251 2294 317 2333 esse
340 2271 494 2333 volumus.
541 2271 677 2353 Reliqua
700 2272 821 2340 altaria,
845 2269 1011 2353 imagines,
1027 2281 1149 2340 statuae,
1165 2272 1265 2334 taber·

120 2355 239 2431 nacula,
260 2369 292 2418 et
318 2378 387 2439 quae
414 2366 524 2418 vocant
543 2379 671 2441 organa,
695 2369 865 2438 caeteraque
880 2356 912 2417 id
929 2377 1024 2440 genus
1039 2357 1267 2438 superstitionis

119 2452 148 2504 et
163 2441 350 2505 idololatriae
366 2452 569 2518 monumenta,
586 2464 711 2525 prorsus
725 2440 883 2504 tollantur.

163 2528 215 2589 20.
240 2527 377 2611 Quaque
394 2527 567 2604 Dominica,
582 2529 612 2588 iu
624 2529 741 2611 templo
751 2526 922 2590 celebretur
936 2547 1026 2589 coena
1039 2525 1180 2590 Domini.
1210 2526 1266 2590 Ad

120 2612 203 2674 hanc
219 2613 370 2677 accedant
393 2613 457 2695 qui,
481 2635 554 2675 cum
578 2635 644 2674 sese
670 2612 912 2696 exploraverint,
938 2633 999 2673 non
1024 2612 1152 2694 indigne
1174 2634 1207 2674 se
1233 2635 1268 2676 eo

119 2720 295 2762 accessuros
310 2699 515 2782 comperiunt.
564 2697 601 2760 Si
624 2700 679 2781 qui
704 2710 775 2761 sunt
791 2699 849 2781 qui
871 2698 902 2760 id
925 2708 1035 2779 quater
1058 2718 1119 2760 non
1141 2698 1171 2760 in
1186 2720 1268 2761 anno

119 2784 239 2862 saciant,
257 2807 354 2848 causa
367 2785 522 2871 exigatur,
540 2795 572 2844 et
586 2784 709 2846 crimini
723 2807 782 2868 par
798 2806 891 2867 poena
905 2792 983 2844 esto.

164 2869 217 2932 2l.
240 2870 349 2933 Socius
373 2871 475 2933 nullus
498 2867 758 2952 scholasticusque
780 2867 874 2951 hujus
890 2868 1022 2954 Collegii
1045 2880 1134 2930 extra
1159 2871 1268 2932 aulam

121 2977 323 3020 communem
349 2969 400 3019 aut
426 2955 560 3040 prandet
581 2964 637 3019 aut
661 2969 777 3035 coenet,
802 2957 859 3016 nisi
883 2954 1031 3039 agritudo
1064 2965 1117 3017 aut
1141 2954 1269 3039 aliaque

115 3039 204 3122 justa
230 3065 324 3105 causa
349 3043 510 3106 absentem
535 3041 580 3103 sic
602 3055 741 3104 excusat.
795 3040 924 3103 Justam
948 3039 1145 3124 appellemus
1171 3064 1269 3124 quam

121 3127 257 3214 Collegii
275 3128 389 3192 Custos
406 3142 472 3207 aut,
486 3149 522 3190 00
539 3127 675 3207 absente,
692 3126 760 3209 ejus
775 3127 923 3192 Vicarius
934 3123 1055 3207 justam
1070 3126 1170 3205 habet.

163 3215 216 3276 22.
242 3213 346 3279 Rasas
362 3216 474 3297 capitis
490 3213 695 3276 rotunditates
721 3235 848 3297 prorsus
873 3211 1058 3275 inhibemus.
1102 3211 1171 3284 Qui
1197 3227 1269 3296 post

121 3299 199 3362 duos
214 3321 334 3361 menses
350 3321 420 3361 raso
436 3298 550 3362 vertice
565 3312 610 3360 est
625 3298 799 3398 Collegium
814 3297 959 3360 amittito.

164 3382 216 3447 23.
242 3383 427 3469 Chymerios
449 3384 573 3446 habitus
600 3383 859 3468 prodigiosasqne
883 3395 981 3444 vestes
1005 3381 1136 3464 posthac
1158 3382 1268 3467 gestiet

121 3490 221 3533 nemo.
1341 3486 1346 3491 ·

164 3555 216 3616 24.
239 3555 348 3638 Togas
360 3554 392 3616 in
408 3554 510 3617 antica
526 3563 617 3637 parte
631 3555 737 3616 consui
751 3563 898 3616 vetamus.

164 3640 216 3704 25.
241 3640 399 3704 Omnibus
422 3640 516 3703 licere
541 3640 683 3702 volumus
708 3651 741 3701 ut
768 3653 799 3702 et
821 3638 909 3702 domi
931 3649 962 3700 et
980 3636 1055 3700 loris
1073 3648 1151 3700 tecto
1166 3639 1270 3722 eapite

121 3727 286 3803 incedant3
313 3726 373 3788 nisi
389 3749 463 3788 cum
479 3725 572 3789 officii
589 3726 663 3788 ratio
680 3724 815 3810 postulet
831 3725 917 3786 nuda
932 3724 1050 3807 capita.

165 3814 216 3877 26.
241 3812 340 3875 Domi
356 3835 428 3875 cum
444 3823 523 3888 sunt,
538 3833 653 3888 omnes,
665 3812 723 3875 ubi
736 3810 846 3888 volunt,
861 3820 997 3885 utantur,
1010 3809 1056 3871 vel
1071 3808 1102 3871 in
1118 3809 1270 3873 cubiculis

122 3901 171 3962 001
189 3901 219 3960 10
234 3897 309 3961 aula
330 3900 446 3960 interea
461 3897 584 3980 prandii
601 3908 629 3958 et
645 3919 750 3974 coenae,
768 3898 903 3959 vestibus
919 3899 1119 3977 quantumvis
1134 3898 1224 3961 crassi
1241 3907 1271 3958 et

122 3987 192 4048 vilis
204 3986 278 4069 pili:
294 3985 388 4047 modo
404 3995 504 4046 sartor
519 3982 597 4044 nihil
611 3983 796 4045 inusitatum
816 3993 930 4045 assuat.
960 3980 1046 4043 Cum
1063 3982 1095 4044 in
1109 3982 1270 4065 publicum

122 4073 284 4156 prodeunt,
297 4092 357 4132 non
372 4070 427 4131 nisi
441 4068 542 4152 longis
559 4082 589 4130 et
603 4069 755 4130 talaribus
770 4069 849 4154 togis
862 4078 1000 4130 utantur.
1026 4066 1128 4129 Pileos
1139 4069 1272 4131 nonnisi

124 4156 312 4220 scholasticis
328 4157 459 4218 usitatos
476 4166 605 4239 gestent.

167 4241 220 4308 27.
244 4241 428 4325 Antiquatis
448 4242 516 4325 jam
539 4239 701 4324 papisticis
719 4239 885 4302 matutinis
904 4250 933 4301 et
956 4237 1139 4322 vespertinis
1154 4237 1270 4317 officiis,

124 4350 198 4389 cum
235 4327 346 4390 missas
380 4349 506 4410 quoque
546 4326 764 4396 dimiserimus,
807 4349 844 4388 ea
871 4326 939 4388 sola
965 4324 1120 4387 retinenda
1149 4334 1274 4388 suntet

122 4413 229 4475 ordine
251 4412 395 4491 dicenda,
416 4436 487 4496 quae
505 4411 554 4474 vel
578 4415 709 4475 summis
726 4412 815 4497 regni
836 4411 972 4475 consiliis
989 4409 1035 4474 vel
1050 4409 1150 4497 Regis
1172 4409 1275 4479 edicto
1322 4484 1325 4491 ,

122 4500 287 4562 constituta
303 4507 374 4561 sunt
391 4510 445 4562 aut
461 4498 593 4582 posthac
609 4499 847 4562 constituentur.
