3014 4898
493 259 684 344 Iujunctions
698 264 737 345 of
755 262 891 326 Visitors.
1226 261 1269 328 79

114 429 359 504 messationibus,
390 452 458 492 sese
483 443 641 492 coerceant
673 443 702 492 et
733 431 927 509 abstineant3
962 431 1028 514 pie,
1055 434 1146 518 frugi,
1172 443 1266 510 caste,

114 515 217 577 sobrie
233 530 264 578 et
279 516 390 600 quiete,
408 516 440 576 in
459 516 517 578 hac
534 530 632 599 parte,
648 528 741 600 prout
755 518 908 596 convenit,
926 519 1066 580 viventes.

158 602 188 669 7.
215 600 308 671 Item,
325 601 528 686 injungimus,
545 613 575 664 et
589 603 725 665 firmiter
738 603 954 686 praecipiendo
969 604 1165 673 mandamus,
1180 605 1266 687 quod

113 687 249 770 quilibet
265 688 414 749 Decanus
424 687 461 749 in
483 688 550 770 ipso
564 687 722 774 Collegio,
738 710 796 772 pro
812 700 952 771 tempore
966 688 1109 767 existens,
1126 689 1266 751 officium

113 794 206 834 suum
217 772 383 857 diligenter
397 784 579 857 exequatur,
589 776 681 859 juxta
693 775 824 836 formam
841 785 1035 845 statutorum,
1047 787 1075 836 et
1092 777 1266 858 praesertim

115 858 155 919 ad
176 860 361 921 mandatum
376 859 441 921 sive
455 859 689 943 requisitionem
704 861 861 939 Custodis‚
876 872 906 924 et
926 881 962 922 eo
978 861 1100 922 absente
1115 861 1266 923 Vieecus·

113 943 203 1007 todis.
249 945 290 1008 Et
307 945 331 1004 si
352 946 475 1027 qnando
491 947 569 1007 alter
582 945 793 1021 Decanorum,
808 948 851 1008 sic
866 965 924 1028 per
939 945 1115 1011 Custodem
1131 947 1170 1008 ad
1195 970 1266 1008 exc-

115 1031 269 1091 cutionem
284 1028 376 1093 officii
392 1031 453 1109 sui,
468 1044 522 1093 aut
536 1032 566 1091 in
580 1028 646 1112 ejus
661 1030 803 1093 absentia
818 1053 876 1115 per
891 1031 1144 1105 Vicecustodem,
1160 1033 1265 1116 requi·

115 1114 204 1187 situs,
219 1115 252 1179 id
276 1117 378 1178 facere
402 1117 597 1179 recusaverit
622 1117 668 1179 vel
690 1117 855 1195 distulerit,
871 1129 947 1179 tunc
971 1114 1160 1202 iujungimus
1181 1120 1264 1201 quod

115 1199 265 1263 Decanus
281 1204 324 1264 sic
340 1223 485 1265 recusans
498 1225 556 1286 per
572 1198 752 1274 Custodem,
763 1214 794 1264 et
810 1202 843 1264 in
857 1204 926 1288 ejus
942 1203 1086 1266 absentia
1100 1224 1159 1285 per
1172 1203 1266 1266 Vice-

115 1287 288 1367 custodem‚
305 1300 335 1350 et
356 1288 491 1351 alterum
513 1288 689 1365 Decanum,
709 1288 897 1351 excludatur
919 1312 938 1351 a
961 1288 1182 1351 communibus
1204 1291 1266 1351 suis

114 1394 171 1457 per
200 1393 348 1436 mensem.
406 1375 448 1436 Et
478 1375 504 1437 si
532 1377 633 1437 denuo
659 1375 744 1436 idern
772 1375 921 1438 Deeauus
944 1374 1080 1437 officium
1104 1397 1205 1445 suurn,
1226 1378 1265 1439 ad

114 1459 301 1521 mandatum
313 1460 374 1521 sive
389 1459 623 1543 requisitionem
635 1460 792 1532 Custodis‚
801 1472 831 1521 et
845 1482 882 1522 eo
897 1461 1024 1524 absente
1033 1459 1264 1537 Vicecustodis,

115 1545 227 1626 exequi
242 1544 411 1615 distulerit,
426 1557 499 1607 tunc
522 1543 717 1630 iujungimus
739 1557 769 1608 et
793 1547 922 1608 firmiter
944 1545 1159 1630 praecipiendo
1179 1569 1265 1608 man-

115 1629 227 1692 damus
242 1631 324 1713 quod
339 1641 451 1694 extunc
467 1632 506 1696 sit
521 1629 689 1712 ipso‘iacto
704 1631 748 1693 ab*
759 1632 940 1694 executione
955 1645 984 1694 et
1001 1631 1086 1693 omni
1103 1633 1267 1694 commodo

115 1714 214 1778 officii
237 1717 284 1778 sui
309 1718 430 1800 penitus
453 1717 604 1786 exclusus,
619 1717 767 1800 quodque
792 1716 870 1779 alius
896 1740 954 1800 per
980 1717 1161 1785 Custodem,
1178 1732 1207 1780 et
1229 1741 1266 1781 eo

116 1801 241 1864 absente
255 1825 311 1885 per
329 1802 576 1868 Vieecustodem,
592 1824 665 1864 cum
682 1825 834 1866 consensu
860 1803 1078 1866 Bursariorum
1094 1816 1125 1864 et
1141 1803 1265 1866 alterius

116 1884 251 1966 Decani,
267 1891 306 1952 ad
320 1891 536 1972 exequendum
552 1889 691 1951 officium
709 1889 830 1951 Decani
845 1891 892 1951 sic
908 1890 1061 1972 suspensi,
1078 1899 1110 1950 et
1125 1910 1265 1951 commo·

115 1972 192 2035 dum
207 1971 347 2055 ejusdem
363 1976 456 2037 officii
472 1974 725 2059 percipiendum,
741 1997 799 2058 pro
814 1974 872 2039 illo
888 1997 970 2038 anno
985 1975 1162 2058 deputetur.

159 2058 191 2122 8.
216 2059 306 2138 Item,
328 2060 519 2144 injungendo
541 2073 570 2123 et
596 2061 726 2123 firmiter
750 2061 960 2144 praecipieudo
975 2061 1163 2122 mandamus
1178 2060 1264 2144 quod

115 2145 249 2226 quilibet
274 2147 383 2209 Socius
406 2158 437 2208 et
459 2146 606 2208 scholaris
620 2146 698 2210 dicti
719 2145 867 2231 Collegit,
881 2148 921 2209 ad
944 2145 1129 2209 mandatum
1146 2145 1266 2207 Decani

115 2252 180 2291 suae
198 2230 359 2304 facultatis,
376 2232 597 2315 disputationes
614 2231 751 2293 solennes
766 2231 927 2314 diligenter
942 2232 975 2293 in
993 2230 1102 2293 eodem
1112 2229 1264 2314 Collegio‚

111 2316 204 2395 juxta
221 2318 352 2378 formam
370 2328 566 2388 statutorum,
582 2318 730 2393 observet,
745 2318 803 2379 sub
824 2337 921 2400 poena
936 2315 1130 2380 exclusionis
1145 2338 1164 2376 a
1178 2337 1263 2376 com·

117 2401 346 2490 munibusdicti
357 2401 557 2486 Collegiiper
571 2423 665 2463 unam
677 2400 918 2465 hebdomadam.
954 2402 1113 2483 Quodque
1128 2399 1265 2483 quilibet

117 2487 266 2550 Deeauus
290 2509 343 2569 per
368 2487 547 2557 Custodem,
565 2499 594 2549 et
617 2508 653 2550 eo
676 2488 800 2550 absente
814 2487 1063 2561 Vicecustodem‚
1079 2487 1118 2548 ad
1138 2488 1263 2547 iuteres-

115 2571 245 2634 sendum
273 2573 532 2656 disputationibus
556 2572 746 2656 bujnsmodi,
763 2585 792 2634 et
815 2573 939 2636 easdem
962 2571 1162 2635 effectualiter
1177 2594 1265 2656 pera-

116 2658 232 2742 gendas
244 2662 360 2742 jussus,
376 2673 405 2721 et
423 2657 455 2720 id
479 2659 578 2721 facere
595 2680 653 2719 non
669 2680 789 2735 curans,
804 2680 966 2740 suspensus
982 2659 1021 2720 sit
1042 2658 1110 2741 ipso
1130 2659 1209 2719 sacto
1225 2659 1265 2720 ab

116 2745 292 2806 executione
317 2747 408 2808 officii
433 2745 481 2806 sui
506 2757 533 2806 et
562 2745 646 2806 omni
671 2744 836 2806 commodo
861 2741 1010 2825 ejusdem,
1026 2742 1151 2826 proillo
1166 2765 1264 2805 anno:

116 2831 258 2915 quodque
274 2830 353 2892 alius
365 2854 420 2915 per
436 2830 608 2893 Custodem
623 2840 652 2891 et
666 2851 703 2891 eo
720 2831 846 2892 absente
859 2852 914 2913 per
924 2829 1176 2904 Vicecustodem,
1193 2851 1263 2890 cum

116 2938 264 2980 consensu
277 2917 497 2980 Bursariorum
512 2930 540 2978 et
557 2916 681 2978 alterius
696 2915 829 2992 Decani,
843 2916 883 2976 ad
899 2913 1111 2998 exequendum
1126 2915 1264 2976 officium

118 3003 239 3066 Decani
261 3004 302 3064 sic
317 3004 464 3086 suspensi,
479 3015 510 3064 et
530 3001 730 3065 commodum
753 2998 895 3083 ejusdem
916 3000 1008 3063 officii
1024 3000 1262 3083 percipiendum,

115 3096 171 3172 pro
186 3087 239 3151 illo
254 3110 334 3150 auno
351 3090 528 3172 deputetur.
574 3086 621 3149 Et
643 3087 728 3169 quod
750 3086 900 3150 Decanus
914 3108 974 3149 non
989 3085 1135 3149 dissolvet
1157 3087 1265 3168 dispu-

116 3175 246 3236 tationes
260 3175 290 3234 in
306 3175 411 3257 aliqua
425 3173 570 3235 facultate
585 3185 655 3234 ante
670 3173 794 3257 lapsum
808 3174 943 3234 duarum
959 3172 1105 3233 horarum
1121 3171 1162 3232 ab
1178 3172 1264 3231 initio

118 3259 298 3335 earundem,
325 3261 382 3320 nisi
406 3261 437 3319 in
461 3258 584 3341 Vigiliis
607 3256 757 3319 festorum
781 3258 813 3319 in
839 3258 954 3340 quibus
969 3256 1141 3343 'matutinae
1166 3257 1264 3318 solent

116 3344 221 3405 statim
237 3345 354 3405 cantari
369 3356 437 3426 post
448 3364 588 3426 vesperas
597 3364 607 3413 ;
629 3343 686 3404 sub
702 3363 796 3424 poena
811 3342 979 3403 amissionis
993 3340 1101 3402 officii:
1122 3341 1153 3401 in
1166 3362 1263 3421 quam

118 3451 244 3512 poenam
275 3441 346 3491 tuuc
375 3431 477 3490 statim
510 3428 641 3489 incurret
670 3437 837 3510 postquam
867 3447 924 3509 per
951 3425 1122 3487 Custodem
1149 3426 1197 3487 vel
1228 3447 1265 3486 eo

118 3516 247 3576 absente
266 3535 322 3596 per
343 3512 583 3577 Vicecustodem
609 3533 647 3572 ex
671 3534 708 3572 ea
730 3534 823 3574 causa
845 3513 951 3576 cedere
966 3509 1067 3572 officio
1084 3524 1263 3572 moneatur:

117 3600 262 3683 qnodque
277 3599 357 3660 alius
371 3620 424 3681 per
440 3598 608 3661 Custodem
626 3596 676 3658 vel
696 3619 731 3660 eo
750 3599 877 3659 absente
893 3618 948 3679 per
963 3595 1212 3671 Vicecustodem‚
1229 3607 1263 3657 ut

118 3708 224 3769 supra,
242 3685 282 3746 ad
298 3684 386 3746 illum
401 3685 538 3748 officium
556 3683 752 3765 exquendum
767 3695 798 3745 et
812 3682 1012 3744 commodum
1028 3678 1164 3761 ejusdem
1189 3703 1264 3764 per-

117 3772 309 3855 cipiendum,
324 3793 380 3853 pro
395 3768 447 3832 illo
462 3791 543 3831 anuo
557 3769 728 3850 deputetur.

160 3858 190 3920 9.
216 3857 309 3936 Item,
325 3855 517 3942 injungimus
532 3864 562 3916 et
584 3855 716 3917 firmiter
738 3853 946 3937 praecipiendo
969 3851 1157 3914 mandamus
1179 3852 1265 3934 quod

117 3944 246 4027 quilibet
261 3944 368 4008 Socius
382 3941 595 4028 principaliter
609 3940 661 4002 det
676 3961 805 4024 operam
820 3962 847 4001 er
862 3938 1033 4023 disciplinae
1048 3937 1110 3998 sive
1127 3938 1194 4010 arti,
1211 3948 1267 4000 aut

118 4030 230 4109 studio,
247 4031 298 4092 cui
320 4031 473 4092 admissus
498 4038 564 4102 est;
590 4048 646 4088 uec
672 4048 702 4087 se
724 4025 793 4087 aliis
817 4025 957 4109 implicet
980 4022 1086 4093 literis,
1111 4044 1172 4106 quo
1195 4020 1265 4104 ejus

109 4117 287 4200 principale
303 4117 442 4179 studium
459 4113 591 4176 nimium
606 4111 800 4195 impediatur
810 4122 864 4172 aut
879 4112 1048 4172 minuatur.

167 4201 214 4263 10.
239 4203 331 4278 ltem,
347 4199 535 4286 injungimus
554 4213 583 4262 et
603 4197 820 4281 praecipiendo
835 4197 1021 4259 mandamus
1037 4193 1119 4275 quod
1136 4191 1266 4275 quilibet

118 4287 339 4351 baccalaureus
363 4288 397 4349 iu
426 4288 552 4360 artibus,
577 4283 714 4346 indicto
746 4281 890 4366 Collegio
920 4281 1025 4345 Socios
1055 4278 1186 4340 existens
1209 4300 1266 4362 per

119 4374 264 4437 anuosad
282 4373 523 4456 assumptionem
542 4370 660 4455 gradus
673 4367 878 4453 Magistratus
904 4369 934 4429 in
950 4366 1068 4430 artibus
1082 4386 1136 4448 per
1151 4374 1267 4425 statuta

119 4459 336 4527 Universitatis
358 4470 387 4520 et
412 4457 546 4543 Collegii
562 4456 719 4534 limitatus,
735 4466 765 4517 et
789 4454 936 4517 hactenus
959 4473 1018 4515 uon
1040 4460 1209 4537 promotus,
1224 4449 1267 4513 ad
