3014 4898
269 263 312 332 62
520 267 658 334 &uates
672 266 778 352 ofAIl
791 265 884 331 Souls
904 262 1031 350 Colleqe,
1053 263 1182 350 Oaford.

270 437 421 501 animalia
444 449 476 500 et
502 459 615 521 pecora
639 438 853 522 cu’uscunque
878 437 1019 523 generis3
1045 448 1075 500 et
1097 437 1139 499 ad
1154 433 1379 499 aestimandum
1394 447 1424 498 et

271 524 424 588 aestimari
445 523 626 587 laciendum
649 526 746 588 bada
769 524 994 610 ingrangiata3
1016 523 1138 587 visitare
1162 545 1199 585 ac
1223 522 1423 606 supervidere

58 635 143 685 Norica
153 639 176 682 to
186 631 240 682 bai-
272 611 429 686 volumus,
452 633 508 698 per
530 622 705 695 praesentes.
751 611 794 674 Et
817 613 901 694 quod
923 611 1007 672 idem
1024 611 1140 675 Custos
1154 609 1204 672 vel
1226 607 1422 678 Vicecustos,

56 699 113 757 tina,
124 705 177 757 etc,
187 705 212 774 {⁰
273 721 328 760 seu
343 697 455 760 Socius
470 697 645 780 praedictus,
662 697 693 759 in
708 697 792 759 dicto
808 697 957 776 circuitu,
972 699 1160 781 praemuniat
1176 718 1232 757 seu
1243 694 1423 779 praemuniri

56 762 212 877 ffl'ff'
273 784 365 846 faciat
389 806 497 846 omnes
520 793 552 845 et
576 783 717 869 singulos
737 782 881 862 ballivos,
901 785 1096 867 praepositos,
1123 782 1275 845 firmarios
1292 792 1324 843 et
1343 782 1423 844 alios

141 835 165 892 pt
273 871 437 933 servientes
466 890 676 954 quoscunque,
707 869 748 932 ad
778 870 1026 953 computandum
1058 869 1211 950 astrictos,
1249 869 1335 951 quod
1362 868 1423 928 sint

272 957 376 1040 parati
389 956 432 1018 ad
445 968 563 1018 certum
577 956 664 1018 diem
685 956 768 1017 infra
792 977 930 1017 mensem
953 956 1110 1032 Octobris,
1136 955 1329 1039 quamcitius
1356 954 1424 1016 fieri

271 1043 395 1126 poterit,
411 1064 470 1125 per
484 1041 664 1113 Custodem,
678 1041 918 1104 Vicecustodem
940 1057 992 1103 aut
1011 1042 1143 1103 Socium
1161 1041 1354 1124 praedlctum,
1377 1040 1423 1102 eis

272 1127 490 1198 limitandum,
513 1151 570 1210 pro
595 1128 750 1212 compotis
772 1126 841 1190 suis
865 1129 895 1189 in
909 1127 1053 1213 Collegio
1068 1128 1228 1210 praedicto,
1244 1127 1295 1188 vel
1311 1127 1340 1187 in
1355 1149 1423 1187 ma-

273 1215 382 1285 neriis,
397 1214 557 1277 beneficiis
572 1227 603 1276 et
618 1214 771 1300 grangiis,
789 1214 958 1296 praedictis,
982 1215 1153 1277 secundum
1176 1213 1261 1296 quod
1289 1212 1424 1275 Custodi

273 1299 324 1362 vel
336 1301 542 1364 Vicecustodi
556 1312 587 1362 et
602 1301 704 1365 Sociis
719 1300 879 1383 praedictis
895 1301 1011 1362 melius
1026 1301 1130 1362 visum
1148 1301 1247 1377 luerit,
1264 1309 1340 1360 tunc
1355 1299 1424 1359 red·

58 1405 186 1455 visitatum
199 1402 227 1451 ot
274 1385 396 1449 dendis.
444 1383 591 1449 Maneriis
605 1408 645 1449 ac
660 1386 916 1469 possessionibus
930 1387 1007 1448 dicti
1020 1385 1154 1467 Collegii
1169 1385 1246 1447 infra
1257 1383 1423 1455 Walliam,

59 1471 130 1519 ¹⁸⁰⁰·
143 1467 343 1536 i”llltlt'sive
371 1472 530 1534 marchias
564 1474 715 1556 ejusdem,
746 1474 903 1534 duntaxat
939 1472 1092 1555 exceptis;
1131 1494 1200 1554 quae
1230 1471 1358 1533 visitare
1388 1493 1424 1533 ac

58 1534 170 1648 ffisslssss,
275 1559 477 1641 supervidere
506 1558 653 1621 volumus
683 1559 777 1622 semel
810 1558 897 1622 omui
925 1560 1057 1621 termino
1086 1558 1136 1621 vel
1164 1558 1291 1639 saepius,
1328 1568 1423 1640 prout

170 1633 177 1647 ’
275 1643 415 1714 Custodi,
430 1642 644 1724 Vioecustodi,
668 1645 820 1707 burseriis
845 1667 883 1706 ac
902 1667 955 1707 sex
978 1645 1053 1707 aliis
1067 1644 1172 1706 Sociis
1187 1641 1328 1725 ejusdem
1347 1642 1424 1705 Col-

274 1730 350 1816 legii
364 1732 547 1804 senioribus,
561 1754 696 1814 quorum
711 1743 772 1793 tres
783 1730 911 1813 juristae
921 1730 1065 1810 existant,
1089 1731 1243 1793 videbitur
1265 1729 1422 1813 expedire.

57 1835 193 1884 Periodtor
275 1816 468 1880 Ordinantes
493 1840 634 1902 expresse
661 1817 756 1902 quod,
781 1840 855 1879 cum
882 1838 968 1879 novae
993 1816 1214 1880 aedificationes
1236 1817 1285 1876 vel
1307 1815 1423 1897 aliquae

58 1897 223 1976 erectiuganit
274 1904 484 1986 reparationes
499 1904 665 1966 domorum
680 1905 865 1965 immineant
879 1903 1039 1982 faciendae,
1055 1904 1118 1964 illae
1134 1902 1323 1984 incipiantur
1339 1902 1424 1963 circa

57 1980 175 2090 &¹¹⁰⁸
183 1961 263 2012 burtel·
274 1988 468 2072 principium
483 1991 600 2052 mensis
618 1990 740 2069 Martii,
759 2002 789 2052 et
803 1990 1006 2052 terminentur
1020 2000 1093 2050 ante
1108 1989 1223 2050 festum
1238 1988 1421 2050 Sanctorum

271 2075 416 2158 Symonis
430 2085 460 2138 et
473 2076 495 2139 J
497 2075 567 2137 udae
582 2087 657 2140 tunc
672 2077 813 2160 proxime
827 2088 1016 2139 secuturum.
1062 2075 1221 2159 Alioquin,
1239 2075 1424 2136 adveniente

275 2161 358 2224 dicto
373 2160 460 2233 festo,
476 2173 598 2224 cessent
611 2163 740 2224 omnino
756 2162 923 2244 usquead
947 2161 1137 2245 principium
1161 2162 1281 2222 mensis
1311 2161 1425 2222 Martii

275 2247 417 2329 proxime
439 2258 515 2309 tunc
539 2250 700 2312 futurum:
726 2249 988 2312 aedificationibus
1010 2259 1041 2310 et
1067 2248 1327 2331 reparationibus,
1352 2269 1424 2331 quae

276 2334 442 2396 commode
466 2336 585 2420 absque
607 2335 773 2419 dispendio
799 2334 936 2420 Collegii
963 2335 1079 2396 deferri
1104 2355 1165 2396 non
1181 2344 1325 2416 possunt,
1348 2335 1425 2394 dun-

62 2433 180 2483 Duratton
190 2432 217 2480 ot
276 2429 365 2481 taxat
379 2421 529 2504 exeeptis.
574 2421 797 2506 Volumusque
812 2423 897 2503 quod
913 2421 987 2484 dicti
996 2421 1143 2484 circuitus
1156 2431 1186 2481 et
1201 2422 1288 2482 visus
1301 2419 1425 2481 omnino

61 2515 193 2563 progresses.
276 2506 484 2570 terminentur
499 2521 529 2569 et
543 2508 697 2591 complete
714 2509 791 2570 fiant
806 2509 889 2570 infra
903 2508 1029 2590 triginta
1044 2507 1110 2568 dies
1126 2518 1195 2588 post
1212 2507 1424 2588 inceptionem

277 2591 447 2653 eorundem
461 2594 611 2655 continue
626 2594 842 2655 numerandos.
888 2593 1054 2662 Praeterea,
1070 2593 1237 2653 statuimus
1252 2592 1347 2673 quod,
1370 2591 1426 2653 illo

63 2694 141 2743 Audit
151 2696 179 2743 ot
277 2676 424 2748 circuitu,
453 2678 558 2738 statim
589 2689 661 2760 post
692 2678 813 2740 dictum
842 2679 956 2739 festum
987 2689 1023 2737 ut
1052 2676 1238 2759 praedicitur
1272 2677 1424 2750 faciendo,

60 2767 191 2824 accompta
278 2760 415 2823 finaliter
441 2761 611 2845 completo,
638 2785 734 2847 quam
758 2764 850 2825 citius
873 2762 940 2823 fieri
962 2763 1089 2845 poterit,
1105 2763 1222 2844 absque
1237 2763 1424 2845 aliqualibet

277 2846 439 2925 dilatione,
469 2849 640 2932 incipiatur
664 2860 883 2931 compotorum
910 2849 1038 2928 auditio,
1063 2859 1093 2911 et
1118 2850 1235 2930 absque
1265 2850 1425 2934 interrup-

277 2933 373 3011 tione,
390 2934 583 3020 negligentia
596 2948 652 2997 aut
668 2956 767 3006 mora,
783 2935 867 2996 infra
879 2956 1027 3012 mensem,
1042 2957 1139 3017 quam
1153 2935 1246 2997 citius
1260 2938 1425 2998 commode

276 3018 343 3082 fieri
358 3021 483 3102 poterit,
499 3020 603 3083 debite
615 3020 830 3104 compleatur3
845 3042 884 3082 ne
898 3042 956 3103 per
971 3020 1029 3084 hoc
1044 3020 1226 3105 Collegium
1238 3023 1268 3084 in
1282 3023 1425 3105 expensis

276 3103 449 3187 majoribus
476 3119 621 3169 oneretur
644 3129 700 3168 seu
722 3107 819 3170 etiam
846 3119 1047 3191 aggravetur,
1072 3118 1103 3169 et
1123 3107 1207 3169 Socii
1228 3119 1259 3170 et
1273 3108 1425 3171 scholares

275 3192 419 3274 praedicti
435 3191 577 3278 Collegii
592 3193 627 3255 in
642 3193 763 3256 actibus
786 3193 852 3255 suis
875 3193 1064 3256 scholasticis
1085 3193 1309 3277 impediantur.
1356 3195 1425 3257 Sta-

275 3286 394 3340 tuentes
409 3280 493 3361 quod
507 3302 564 3363 per
580 3279 764 3352 Custodem,
779 3279 1030 3359 Vieecustodem,
1053 3281 1196 3344 Decanos
1210 3294 1241 3342 et
1256 3281 1331 3343 alios
1346 3282 1425 3343 duos

275 3364 421 3441 seniores,
446 3366 573 3428 minime
596 3366 757 3430 officiarios
782 3366 840 3431 illo
863 3389 953 3446 anno,
978 3389 1113 3451 quorum
1143 3388 1224 3429 unus
1249 3365 1364 3449 jurista
1393 3380 1425 3430 et

276 3449 357 3513 alius
382 3451 495 3514 artista
524 3454 650 3530 existat,
677 3454 827 3517 audiatur
848 3453 1057 3516 ministrorum
1082 3453 1323 3517 extrinsecorum
1339 3476 1424 3518 com-

274 3547 368 3619 potus
400 3538 577 3620 praedictus.
615 3539 836 3624 Volumusque
866 3539 961 3623 quod,
993 3540 1024 3600 in
1055 3540 1115 3600 fine
1148 3538 1313 3621 cujuslibet
1341 3541 1423 3618 anni,

274 3624 382 3686 statim
411 3635 483 3706 post
512 3635 693 3708 compotum
722 3628 863 3688 omnium
893 3625 1108 3687 ministrorum
1146 3637 1176 3687 et
1203 3625 1423 3689 officiariorum

274 3710 492 3791 praedictorum
505 3711 662 3793 complete
679 3713 836 3774 redditum
851 3711 988 3790 finalem,
1003 3721 1168 3793 compotus
1182 3712 1321 3773 omnium
1337 3731 1423 3771 com·

274 3816 443 3856 munarum
467 3817 675 3878 expensarum
698 3798 825 3880 hospitii
846 3797 921 3860 dicti
937 3796 1073 3880 Collegii
1088 3806 1117 3858 et
1133 3796 1265 3857 aliarum
1280 3795 1423 3856 intrinse-

273 3900 383 3941 carum
413 3901 470 3963 per
495 3881 658 3944 bursarios
684 3903 940 3966 quarumcunque
970 3881 1228 3964 quahtercunque
1258 3880 1422 3960 laetarum,

274 3963 404 4027 finaliter
433 3976 464 4027 et
490 3967 645 4051 complete
669 3968 827 4045 audiatur,
852 3980 884 4028 et
911 3967 1016 4029 debite
1042 3967 1252 4048 ingrossetur3
1281 3976 1311 4027 et
1336 3967 1422 4049 quod

274 4071 381 4113 omnes
406 4053 498 4114 rotuli
526 4053 663 4135 compoti
679 4052 871 4135 hujusmodi,
894 4053 978 4114 visus
1005 4064 1035 4113 et
1066 4052 1130 4113 alia
1152 4052 1363 4130 memoranda,
1387 4054 1421 4116 in

274 4135 465 4200 thesauraria
486 4150 650 4224 ponantur,
673 4150 704 4200 et.
724 4139 864 4200 securius
886 4136 1099 4202 custodiantur
1124 4139 1155 4198 in
1179 4160 1243 4201 una
1265 4139 1353 4211 cista,
1382 4143 1423 4204 ad

274 4221 333 4285 hoe
355 4244 413 4305 per
428 4244 484 4286 nos
506 4224 651 4307 superius
666 4223 822 4300 limitata3
849 4236 884 4286 ut
907 4223 1021 4286 exinde
1040 4222 1207 4286 evidentiae
1228 4225 1422 4305 sufficientes,

275 4318 341 4370 tam
364 4329 420 4391 pro
436 4310 615 4373 defensione
642 4309 842 4374 ecelesiarum
857 4322 887 4373 et
906 4308 1029 4393 jurium
1055 4311 1267 4374 maneriorum
1284 4314 1427 4387 suorum,

276 4417 370 4479 quam
384 4395 423 4457 de
437 4394 543 4458 valore
562 4416 663 4459 annuo
686 4396 862 4468 eorundem,
884 4399 923 4460 de
942 4408 1082 4480 tempore
1098 4398 1138 4460 ad
1161 4408 1297 4483 tempus,
1315 4399 1422 4463 haberi

275 4482 412 4585 valeant,
438 4483 469 4545 in
494 4482 647 4549 futurum.
706 4483 846 4549 Ulterius
868 4494 1036 4548 statuentes
1056 4485 1148 4568 qnod,
1172 4489 1291 4550 reddito
1321 4499 1352 4549 et
1375 4487 1422 4548 in-
