<?xml version="1.0" encoding="UTF-8"?>
<!DOCTYPE html PUBLIC "-//W3C//DTD XHTML 1.0 Transitional//EN"
    "http://www.w3.org/TR/xhtml1/DTD/xhtml1-transitional.dtd">
<html xmlns="http://www.w3.org/1999/xhtml" xml:lang="en" lang="en">
 <head>
  <title>
</title>
<meta http-equiv="Content-Type" content="text/html;charset=utf-8" />
  <meta name='ocr-system' content='tesseract 3.04.00' />
  <meta name='ocr-capabilities' content='ocr_page ocr_carea ocr_par ocr_line ocrx_word'/>
</head>
<body>
  <div class='ocr_page' id='page_1' title='image "./statutescollege01bondgoog_0034.png"; bbox 0 0 3014 4898; ppageno 0'>
   <div class='ocr_carea' id='block_1_1' title="bbox 368 295 1272 384">
    <p class='ocr_par' dir='ltr' id='par_1_1' title="bbox 368 295 1272 384">
     <span class='ocr_line' id='line_1_1' title="bbox 368 295 1272 384; baseline 0 -18"><span class='ocrx_word' id='word_1_1' title='bbox 368 298 503 366; x_wconf 81' lang='lat' dir='ltr'>Statutes</span> <span class='ocrx_word' id='word_1_2' title='bbox 518 302 556 384; x_wconf 86' lang='lat' dir='ltr'>os</span> <span class='ocrx_word' id='word_1_3' title='bbox 566 299 624 364; x_wconf 82' lang='lat' dir='ltr'>All</span> <span class='ocrx_word' id='word_1_4' title='bbox 637 297 728 366; x_wconf 75' lang='lat' dir='ltr'>Souis</span> <span class='ocrx_word' id='word_1_5' title='bbox 746 295 874 384; x_wconf 72' lang='lat' dir='ltr'>Oottepe,</span> <span class='ocrx_word' id='word_1_6' title='bbox 895 297 1023 365; x_wconf 71' lang='lat' dir='ltr'>chord.</span> <span class='ocrx_word' id='word_1_7' title='bbox 1229 302 1272 366; x_wconf 71' lang='lat'>29</span> 
     </span>
    </p>
   </div>
   <div class='ocr_carea' id='block_1_2' title="bbox 79 468 1435 4082">
    <p class='ocr_par' dir='ltr' id='par_1_2' title="bbox 116 468 1273 643">
     <span class='ocr_line' id='line_1_2' title="bbox 116 468 1273 555; baseline 0.005 -25"><span class='ocrx_word' id='word_1_8' title='bbox 116 468 196 532; x_wconf 88' lang='lat' dir='ltr'>vices</span> <span class='ocrx_word' id='word_1_9' title='bbox 211 471 310 554; x_wconf 89' lang='lat' dir='ltr'>ipsius</span> <span class='ocrx_word' id='word_1_10' title='bbox 325 469 484 543; x_wconf 88' lang='lat' dir='ltr'>Custodis,</span> <span class='ocrx_word' id='word_1_11' title='bbox 501 472 568 555; x_wconf 90' lang='lat' dir='ltr'>ipso</span> <span class='ocrx_word' id='word_1_12' title='bbox 594 470 730 540; x_wconf 81' lang='lat' dir='ltr'>absente,</span> <span class='ocrx_word' id='word_1_13' title='bbox 746 469 849 547; x_wconf 82' lang='lat' dir='ltr'>saciat,</span> <span class='ocrx_word' id='word_1_14' title='bbox 864 482 1010 534; x_wconf 87' lang='lat' dir='ltr'>exerceat</span> <span class='ocrx_word' id='word_1_15' title='bbox 1024 481 1056 533; x_wconf 90' lang='lat' dir='ltr'>et</span> <span class='ocrx_word' id='word_1_16' title='bbox 1077 473 1112 535; x_wconf 92' lang='lat' dir='ltr'>in</span> <span class='ocrx_word' id='word_1_17' title='bbox 1128 473 1273 536; x_wconf 87' lang='lat' dir='ltr'>omnibus</span> 
     </span>
     <span class='ocr_line' id='line_1_3' title="bbox 116 555 1270 643; baseline 0.005 -27"><span class='ocrx_word' id='word_1_18' title='bbox 116 556 263 638; x_wconf 87' lang='lat' dir='ltr'>suppleat</span> <span class='ocrx_word' id='word_1_19' title='bbox 278 557 466 643; x_wconf 83' lang='lat' dir='ltr'>diligenter3</span> <span class='ocrx_word' id='word_1_20' title='bbox 488 578 526 620; x_wconf 92' lang='lat' dir='ltr'>ac</span> <span class='ocrx_word' id='word_1_21' title='bbox 542 557 636 620; x_wconf 89' lang='lat' dir='ltr'>etiarn</span> <span class='ocrx_word' id='word_1_22' title='bbox 658 557 745 620; x_wconf 90' lang='lat' dir='ltr'>idem</span> <span class='ocrx_word' id='word_1_23' title='bbox 762 555 897 620; x_wconf 84' lang='lat' dir='ltr'>Custodi</span> <span class='ocrx_word' id='word_1_24' title='bbox 922 559 1074 640; x_wconf 84' lang='lat' dir='ltr'>praesenti,</span> <span class='ocrx_word' id='word_1_25' title='bbox 1091 559 1175 622; x_wconf 90' lang='lat' dir='ltr'>circa</span> <span class='ocrx_word' id='word_1_26' title='bbox 1189 581 1270 643; x_wconf 77' lang='lat' dir='ltr'>prae·</span> 
     </span>
    </p>

    <p class='ocr_par' dir='ltr' id='par_1_3' title="bbox 115 641 1270 728">
     <span class='ocr_line' id='line_1_4' title="bbox 115 641 1270 728; baseline 0.007 -27"><span class='ocrx_word' id='word_1_27' title='bbox 115 644 212 705; x_wconf 88' lang='lat' dir='ltr'>missa</span> <span class='ocrx_word' id='word_1_28' title='bbox 235 655 265 704; x_wconf 90' lang='lat' dir='ltr'>et</span> <span class='ocrx_word' id='word_1_29' title='bbox 291 643 353 706; x_wconf 89' lang='lat' dir='ltr'>alia</span> <span class='ocrx_word' id='word_1_30' title='bbox 376 644 462 707; x_wconf 91' lang='lat' dir='ltr'>dicto</span> <span class='ocrx_word' id='word_1_31' title='bbox 487 643 630 728; x_wconf 90' lang='lat' dir='ltr'>Collegio</span> <span class='ocrx_word' id='word_1_32' title='bbox 644 654 674 705; x_wconf 93' lang='lat' dir='ltr'>et</span> <span class='ocrx_word' id='word_1_33' title='bbox 696 644 831 726; x_wconf 89' lang='lat' dir='ltr'>personis</span> <span class='ocrx_word' id='word_1_34' title='bbox 853 641 998 726; x_wconf 90' lang='lat' dir='ltr'>ejusdem</span> <span class='ocrx_word' id='word_1_35' title='bbox 1020 646 1192 709; x_wconf 90' lang='lat' dir='ltr'>necessaria</span> <span class='ocrx_word' id='word_1_36' title='bbox 1220 646 1270 709; x_wconf 87' lang='lat' dir='ltr'>vel</span> 
     </span>
    </p>

    <p class='ocr_par' dir='ltr' id='par_1_4' title="bbox 116 728 1270 814">
     <span class='ocr_line' id='line_1_5' title="bbox 116 728 1270 814; baseline 0.006 -28"><span class='ocrx_word' id='word_1_37' title='bbox 116 728 220 798; x_wconf 89' lang='lat' dir='ltr'>utilia,</span> <span class='ocrx_word' id='word_1_38' title='bbox 235 730 361 792; x_wconf 74' lang='lat' dir='ltr'>solerter</span> <span class='ocrx_word' id='word_1_39' title='bbox 375 730 504 792; x_wconf 86' lang='lat' dir='ltr'>assistat.</span> <span class='ocrx_word' id='word_1_40' title='bbox 549 729 583 791; x_wconf 96' lang='lat' dir='ltr'>N</span> <span class='ocrx_word' id='word_1_41' title='bbox 585 729 773 814; x_wconf 84' lang='lat' dir='ltr'>egligentias</span> <span class='ocrx_word' id='word_1_42' title='bbox 788 741 820 790; x_wconf 90' lang='lat' dir='ltr'>et</span> <span class='ocrx_word' id='word_1_43' title='bbox 835 729 983 807; x_wconf 88' lang='lat' dir='ltr'>defectus,</span> <span class='ocrx_word' id='word_1_44' title='bbox 999 751 1115 793; x_wconf 84' lang='lat' dir='ltr'>necnon</span> <span class='ocrx_word' id='word_1_45' title='bbox 1129 731 1270 804; x_wconf 90' lang='lat' dir='ltr'>crimina,</span> 
     </span>
    </p>

    <p class='ocr_par' dir='ltr' id='par_1_5' title="bbox 115 815 1271 988">
     <span class='ocr_line' id='line_1_6' title="bbox 115 815 1271 899; baseline 0.005 -25"><span class='ocrx_word' id='word_1_46' title='bbox 115 837 256 878; x_wconf 85' lang='lat' dir='ltr'>excessus</span> <span class='ocrx_word' id='word_1_47' title='bbox 270 824 300 876; x_wconf 90' lang='lat' dir='ltr'>et</span> <span class='ocrx_word' id='word_1_48' title='bbox 315 815 438 884; x_wconf 90' lang='lat' dir='ltr'>delicta,</span> <span class='ocrx_word' id='word_1_49' title='bbox 453 839 523 899; x_wconf 81' lang='lat' dir='ltr'>quae</span> <span class='ocrx_word' id='word_1_50' title='bbox 548 815 582 878; x_wconf 94' lang='lat' dir='ltr'>in</span> <span class='ocrx_word' id='word_1_51' title='bbox 598 816 693 878; x_wconf 81' lang='lat' dir='ltr'>dictis</span> <span class='ocrx_word' id='word_1_52' title='bbox 711 815 916 895; x_wconf 85' lang='lat' dir='ltr'>scholaribus,</span> <span class='ocrx_word' id='word_1_53' title='bbox 933 815 1041 889; x_wconf 86' lang='lat' dir='ltr'>Sociis,</span> <span class='ocrx_word' id='word_1_54' title='bbox 1057 816 1218 881; x_wconf 88' lang='lat' dir='ltr'>officiariis</span> <span class='ocrx_word' id='word_1_55' title='bbox 1240 829 1271 880; x_wconf 89' lang='lat' dir='ltr'>et</span> 
     </span>
     <span class='ocr_line' id='line_1_7' title="bbox 115 899 1269 988; baseline 0.003 -28"><span class='ocrx_word' id='word_1_56' title='bbox 115 901 280 973; x_wconf 71' lang='lat' dir='ltr'>ministris</span> <span class='ocrx_word' id='word_1_57' title='bbox 304 902 386 964; x_wconf 89' lang='lat' dir='ltr'>dicto</span> <span class='ocrx_word' id='word_1_58' title='bbox 413 901 556 967; x_wconf 80' lang='lat' dir='ltr'>Custode</span> <span class='ocrx_word' id='word_1_59' title='bbox 583 900 619 963; x_wconf 95' lang='lat' dir='ltr'>in</span> <span class='ocrx_word' id='word_1_60' title='bbox 643 899 787 988; x_wconf 89' lang='lat' dir='ltr'>Collegio</span> <span class='ocrx_word' id='word_1_61' title='bbox 803 901 852 964; x_wconf 86' lang='lat' dir='ltr'>vel</span> <span class='ocrx_word' id='word_1_62' title='bbox 870 901 1082 965; x_wconf 88' lang='lat' dir='ltr'>Universitate</span> <span class='ocrx_word' id='word_1_63' title='bbox 1109 915 1269 988; x_wconf 84' lang='lat' dir='ltr'>praesente,</span> 
     </span>
    </p>

    <p class='ocr_par' dir='ltr' id='par_1_6' title="bbox 115 986 1270 1073">
     <span class='ocr_line' id='line_1_8' title="bbox 115 986 1270 1073; baseline 0.003 -27"><span class='ocrx_word' id='word_1_64' title='bbox 115 987 232 1065; x_wconf 88' lang='lat' dir='ltr'>noverit</span> <span class='ocrx_word' id='word_1_65' title='bbox 246 1009 312 1050; x_wconf 88' lang='lat' dir='ltr'>esse</span> <span class='ocrx_word' id='word_1_66' title='bbox 328 988 506 1061; x_wconf 90' lang='lat' dir='ltr'>commissa,</span> <span class='ocrx_word' id='word_1_67' title='bbox 522 988 584 1073; x_wconf 91' lang='lat' dir='ltr'>ipsi</span> <span class='ocrx_word' id='word_1_68' title='bbox 599 986 743 1058; x_wconf 86' lang='lat' dir='ltr'>Custodi,</span> <span class='ocrx_word' id='word_1_69' title='bbox 764 989 953 1052; x_wconf 86' lang='lat' dir='ltr'>cessantibus</span> <span class='ocrx_word' id='word_1_70' title='bbox 967 988 1116 1052; x_wconf 91' lang='lat' dir='ltr'>omnibus</span> <span class='ocrx_word' id='word_1_71' title='bbox 1130 987 1270 1050; x_wconf 86' lang='lat' dir='ltr'>affectio·</span> 
     </span>
    </p>

    <p class='ocr_par' dir='ltr' id='par_1_7' title="bbox 115 1071 1270 1158">
     <span class='ocr_line' id='line_1_9' title="bbox 115 1071 1270 1158; baseline 0.004 -26"><span class='ocrx_word' id='word_1_72' title='bbox 115 1072 211 1135; x_wconf 93' lang='lat' dir='ltr'>nibus</span> <span class='ocrx_word' id='word_1_73' title='bbox 241 1074 523 1158; x_wconf 84' lang='lat' dir='ltr'>consanguinitatis</span> <span class='ocrx_word' id='word_1_74' title='bbox 546 1086 577 1136; x_wconf 90' lang='lat' dir='ltr'>et</span> <span class='ocrx_word' id='word_1_75' title='bbox 603 1074 776 1145; x_wconf 87' lang='lat' dir='ltr'>affinitatis,</span> <span class='ocrx_word' id='word_1_76' title='bbox 804 1074 925 1137; x_wconf 86' lang='lat' dir='ltr'>invidia</span> <span class='ocrx_word' id='word_1_77' title='bbox 954 1086 984 1136; x_wconf 90' lang='lat' dir='ltr'>et</span> <span class='ocrx_word' id='word_1_78' title='bbox 1009 1071 1126 1147; x_wconf 85' lang='lat' dir='ltr'>amore,</span> <span class='ocrx_word' id='word_1_79' title='bbox 1143 1075 1216 1138; x_wconf 91' lang='lat' dir='ltr'>odio</span> <span class='ocrx_word' id='word_1_80' title='bbox 1239 1085 1270 1137; x_wconf 89' lang='lat' dir='ltr'>et</span> 
     </span>
    </p>

    <p class='ocr_par' dir='ltr' id='par_1_8' title="bbox 116 1158 1271 1243">
     <span class='ocr_line' id='line_1_10' title="bbox 116 1158 1271 1243; baseline 0.003 -24"><span class='ocrx_word' id='word_1_81' title='bbox 116 1158 238 1232; x_wconf 90' lang='lat' dir='ltr'>timore,</span> <span class='ocrx_word' id='word_1_82' title='bbox 258 1160 469 1235; x_wconf 90' lang='lat' dir='ltr'>denuntiabit;</span> <span class='ocrx_word' id='word_1_83' title='bbox 494 1171 529 1220; x_wconf 90' lang='lat' dir='ltr'>ut</span> <span class='ocrx_word' id='word_1_84' title='bbox 553 1181 609 1242; x_wconf 90' lang='lat' dir='ltr'>per</span> <span class='ocrx_word' id='word_1_85' title='bbox 631 1160 738 1243; x_wconf 90' lang='lat' dir='ltr'>ipsum</span> <span class='ocrx_word' id='word_1_86' title='bbox 756 1159 804 1222; x_wconf 87' lang='lat' dir='ltr'>vel</span> <span class='ocrx_word' id='word_1_87' title='bbox 826 1159 917 1240; x_wconf 92' lang='lat' dir='ltr'>alios,</span> <span class='ocrx_word' id='word_1_88' title='bbox 942 1159 1117 1222; x_wconf 88' lang='lat' dir='ltr'>secundum</span> <span class='ocrx_word' id='word_1_89' title='bbox 1142 1160 1271 1223; x_wconf 88' lang='lat' dir='ltr'>ordina·</span> 
     </span>
    </p>

    <p class='ocr_par' dir='ltr' id='par_1_9' title="bbox 115 1244 1270 1332">
     <span class='ocr_line' id='line_1_11' title="bbox 115 1244 1270 1332; baseline 0.004 -28"><span class='ocrx_word' id='word_1_90' title='bbox 115 1245 217 1307; x_wconf 89' lang='lat' dir='ltr'>tiones</span> <span class='ocrx_word' id='word_1_91' title='bbox 242 1259 271 1309; x_wconf 91' lang='lat' dir='ltr'>et</span> <span class='ocrx_word' id='word_1_92' title='bbox 297 1255 415 1309; x_wconf 89' lang='lat' dir='ltr'>statuta</span> <span class='ocrx_word' id='word_1_93' title='bbox 440 1245 519 1308; x_wconf 85' lang='lat' dir='ltr'>dicti</span> <span class='ocrx_word' id='word_1_94' title='bbox 545 1244 688 1331; x_wconf 88' lang='lat' dir='ltr'>Collegii,</span> <span class='ocrx_word' id='word_1_95' title='bbox 713 1248 891 1329; x_wconf 89' lang='lat' dir='ltr'>puniantur,</span> <span class='ocrx_word' id='word_1_96' title='bbox 910 1247 1105 1332; x_wconf 85' lang='lat' dir='ltr'>corrigantur</span> <span class='ocrx_word' id='word_1_97' title='bbox 1120 1257 1151 1308; x_wconf 92' lang='lat' dir='ltr'>et</span> <span class='ocrx_word' id='word_1_98' title='bbox 1165 1245 1270 1309; x_wconf 91' lang='lat' dir='ltr'>debite</span> 
     </span>
    </p>

    <p class='ocr_par' dir='ltr' id='par_1_10' title="bbox 79 1331 1435 2104">
     <span class='ocr_line' id='line_1_12' title="bbox 79 1331 1435 1417; baseline 0.007 -26"><span class='ocrx_word' id='word_1_99' title='bbox 79 1346 80 1349; x_wconf 74' lang='grc'>’</span> <span class='ocrx_word' id='word_1_100' title='bbox 117 1332 329 1395; x_wconf 80' lang='lat' dir='ltr'>reformentur.</span> <span class='ocrx_word' id='word_1_101' title='bbox 376 1331 550 1395; x_wconf 89' lang='lat' dir='ltr'>Statuentes</span> <span class='ocrx_word' id='word_1_102' title='bbox 573 1332 658 1414; x_wconf 92' lang='lat' dir='ltr'>quod</span> <span class='ocrx_word' id='word_1_103' title='bbox 673 1331 778 1396; x_wconf 90' lang='lat' dir='ltr'>dictus</span> <span class='ocrx_word' id='word_1_104' title='bbox 801 1331 1000 1409; x_wconf 90' lang='lat' dir='ltr'>Vicecustos,</span> <span class='ocrx_word' id='word_1_105' title='bbox 1023 1355 1078 1417; x_wconf 91' lang='lat' dir='ltr'>per</span> <span class='ocrx_word' id='word_1_106' title='bbox 1103 1354 1147 1412; x_wconf 93' lang='lat' dir='ltr'>se,</span> <span class='ocrx_word' id='word_1_107' title='bbox 1171 1333 1271 1417; x_wconf 89' lang='lat' dir='ltr'>possit</span> <span class='ocrx_word' id='word_1_108' title='bbox 1283 1349 1435 1400; x_wconf 77' lang='lat' dir='ltr'>Powertore</span> 
     </span>
     <span class='ocr_line' id='line_1_13' title="bbox 117 1415 1413 1502; baseline 0.001 -25"><span class='ocrx_word' id='word_1_109' title='bbox 117 1415 275 1480; x_wconf 86' lang='lat' dir='ltr'>scholares</span> <span class='ocrx_word' id='word_1_110' title='bbox 289 1431 322 1480; x_wconf 90' lang='lat' dir='ltr'>et</span> <span class='ocrx_word' id='word_1_111' title='bbox 339 1418 435 1479; x_wconf 88' lang='lat' dir='ltr'>etiam</span> <span class='ocrx_word' id='word_1_112' title='bbox 461 1418 567 1480; x_wconf 90' lang='lat' dir='ltr'>Socios</span> <span class='ocrx_word' id='word_1_113' title='bbox 579 1416 781 1502; x_wconf 84' lang='lat' dir='ltr'>negligentes,</span> <span class='ocrx_word' id='word_1_114' title='bbox 798 1430 854 1480; x_wconf 89' lang='lat' dir='ltr'>aut</span> <span class='ocrx_word' id='word_1_115' title='bbox 868 1419 953 1480; x_wconf 89' lang='lat' dir='ltr'>circa</span> <span class='ocrx_word' id='word_1_116' title='bbox 978 1419 1119 1482; x_wconf 90' lang='lat' dir='ltr'>studium</span> <span class='ocrx_word' id='word_1_117' title='bbox 1134 1418 1269 1491; x_wconf 89' lang='lat' dir='ltr'>desides,</span> <span class='ocrx_word' id='word_1_118' title='bbox 1285 1430 1355 1490; x_wconf 65' lang='lat' dir='ltr'>prore</span> <span class='ocrx_word' id='word_1_119' title='bbox 1365 1416 1413 1463; x_wconf 82' lang='lat' dir='ltr'>and</span> 
     </span>
     <span class='ocr_line' id='line_1_14' title="bbox 116 1479 1435 1593; baseline 0.005 -30"><span class='ocrx_word' id='word_1_120' title='bbox 116 1503 166 1568; x_wconf 89' lang='lat' dir='ltr'>vel</span> <span class='ocrx_word' id='word_1_121' title='bbox 181 1504 246 1567; x_wconf 87' lang='lat' dir='ltr'>alio</span> <span class='ocrx_word' id='word_1_122' title='bbox 261 1503 353 1566; x_wconf 91' lang='lat' dir='ltr'>modo</span> <span class='ocrx_word' id='word_1_123' title='bbox 368 1516 514 1574; x_wconf 89' lang='lat' dir='ltr'>errantes,</span> <span class='ocrx_word' id='word_1_124' title='bbox 526 1504 561 1565; x_wconf 94' lang='lat' dir='ltr'>in</span> <span class='ocrx_word' id='word_1_125' title='bbox 576 1503 703 1567; x_wconf 90' lang='lat' dir='ltr'>delictis</span> <span class='ocrx_word' id='word_1_126' title='bbox 718 1504 901 1581; x_wconf 69' lang='lat' dir='ltr'>levioribus</span> <span class='ocrx_word' id='word_1_127' title='bbox 918 1504 1083 1588; x_wconf 88' lang='lat' dir='ltr'>corripere,</span> <span class='ocrx_word' id='word_1_128' title='bbox 1099 1505 1270 1589; x_wconf 85' lang='lat' dir='ltr'>increpare,</span> <span class='ocrx_word' id='word_1_129' title='bbox 1283 1479 1435 1593; x_wconf 56' lang='lat' dir='ltr'>l’ffi&#39;ssffl</span> 
     </span>
     <span class='ocr_line' id='line_1_15' title="bbox 117 1589 1349 1672; baseline 0.006 -23"><span class='ocrx_word' id='word_1_130' title='bbox 117 1602 159 1660; x_wconf 89' lang='lat' dir='ltr'>et,</span> <span class='ocrx_word' id='word_1_131' title='bbox 186 1591 212 1650; x_wconf 92' lang='lat' dir='ltr'>si</span> <span class='ocrx_word' id='word_1_132' title='bbox 239 1600 390 1672; x_wconf 84' lang='lat' dir='ltr'>oporteat,</span> <span class='ocrx_word' id='word_1_133' title='bbox 407 1611 478 1652; x_wconf 91' lang='lat' dir='ltr'>cum</span> <span class='ocrx_word' id='word_1_134' title='bbox 498 1611 647 1652; x_wconf 91' lang='lat' dir='ltr'>consensu</span> <span class='ocrx_word' id='word_1_135' title='bbox 672 1589 795 1653; x_wconf 89' lang='lat' dir='ltr'>Decani</span> <span class='ocrx_word' id='word_1_136' title='bbox 809 1590 966 1653; x_wconf 84' lang='lat' dir='ltr'>facultatis</span> <span class='ocrx_word' id='word_1_137' title='bbox 990 1613 1045 1653; x_wconf 89' lang='lat' dir='ltr'>seu</span> <span class='ocrx_word' id='word_1_138' title='bbox 1070 1590 1209 1654; x_wconf 88' lang='lat' dir='ltr'>scientiae</span> <span class='ocrx_word' id='word_1_139' title='bbox 1224 1592 1349 1656; x_wconf 83' lang='lat' dir='ltr'>siclows.</span> 
     </span>
     <span class='ocr_line' id='line_1_16' title="bbox 118 1675 1270 1762; baseline 0 -26"><span class='ocrx_word' id='word_1_140' title='bbox 118 1675 343 1759; x_wconf 89' lang='lat' dir='ltr'>delinquentis,</span> <span class='ocrx_word' id='word_1_141' title='bbox 369 1675 524 1761; x_wconf 87' lang='lat' dir='ltr'>corrigere</span> <span class='ocrx_word' id='word_1_142' title='bbox 552 1688 583 1738; x_wconf 90' lang='lat' dir='ltr'>et</span> <span class='ocrx_word' id='word_1_143' title='bbox 606 1675 723 1759; x_wconf 90' lang='lat' dir='ltr'>punire,</span> <span class='ocrx_word' id='word_1_144' title='bbox 740 1676 838 1738; x_wconf 85' lang='lat' dir='ltr'>etiam</span> <span class='ocrx_word' id='word_1_145' title='bbox 864 1675 900 1739; x_wconf 90' lang='lat' dir='ltr'>in</span> <span class='ocrx_word' id='word_1_146' title='bbox 926 1677 1096 1762; x_wconf 90' lang='lat' dir='ltr'>praesentia</span> <span class='ocrx_word' id='word_1_147' title='bbox 1119 1675 1270 1742; x_wconf 68' lang='lat' dir='ltr'>Custodia</span> 
     </span>
     <span class='ocr_line' id='line_1_17' title="bbox 116 1759 1272 1844; baseline 0.004 -22"><span class='ocrx_word' id='word_1_148' title='bbox 116 1762 268 1844; x_wconf 78' lang='lat' dir='ltr'>praedicti.</span> <span class='ocrx_word' id='word_1_149' title='bbox 324 1761 507 1825; x_wconf 90' lang='lat' dir='ltr'>Dummodo</span> <span class='ocrx_word' id='word_1_150' title='bbox 535 1760 651 1824; x_wconf 88' lang='lat' dir='ltr'>Custos</span> <span class='ocrx_word' id='word_1_151' title='bbox 677 1759 858 1844; x_wconf 90' lang='lat' dir='ltr'>hujusmodi</span> <span class='ocrx_word' id='word_1_152' title='bbox 887 1783 998 1824; x_wconf 89' lang='lat' dir='ltr'>causas</span> <span class='ocrx_word' id='word_1_153' title='bbox 1021 1763 1217 1825; x_wconf 87' lang='lat' dir='ltr'>correctionis</span> <span class='ocrx_word' id='word_1_154' title='bbox 1242 1775 1272 1827; x_wconf 89' lang='lat' dir='ltr'>et</span> 
     </span>
     <span class='ocr_line' id='line_1_18' title="bbox 118 1845 1435 1932; baseline 0.005 -22"><span class='ocrx_word' id='word_1_155' title='bbox 118 1849 286 1931; x_wconf 91' lang='lat' dir='ltr'>punitionis</span> <span class='ocrx_word' id='word_1_156' title='bbox 316 1850 357 1910; x_wconf 90' lang='lat' dir='ltr'>ad</span> <span class='ocrx_word' id='word_1_157' title='bbox 387 1870 419 1909; x_wconf 91' lang='lat' dir='ltr'>se</span> <span class='ocrx_word' id='word_1_158' title='bbox 444 1869 503 1909; x_wconf 92' lang='lat' dir='ltr'>non</span> <span class='ocrx_word' id='word_1_159' title='bbox 527 1847 653 1910; x_wconf 86' lang='lat' dir='ltr'>duxerit</span> <span class='ocrx_word' id='word_1_160' title='bbox 680 1848 887 1912; x_wconf 86' lang='lat' dir='ltr'>adnotandas.</span> <span class='ocrx_word' id='word_1_161' title='bbox 933 1845 991 1912; x_wconf 90' lang='lat' dir='ltr'>Ad</span> <span class='ocrx_word' id='word_1_162' title='bbox 1014 1869 1084 1932; x_wconf 88' lang='lat' dir='ltr'>quae</span> <span class='ocrx_word' id='word_1_163' title='bbox 1109 1849 1216 1911; x_wconf 90' lang='lat' dir='ltr'>omnia</span> <span class='ocrx_word' id='word_1_164' title='bbox 1240 1860 1435 1918; x_wconf 75' lang='lat' dir='ltr'>et&#39;roberwom</span> 
     </span>
     <span class='ocr_line' id='line_1_19' title="bbox 117 1933 1421 2020; baseline 0.002 -25"><span class='ocrx_word' id='word_1_165' title='bbox 117 1934 255 2020; x_wconf 90' lang='lat' dir='ltr'>singula,</span> <span class='ocrx_word' id='word_1_166' title='bbox 269 1944 418 2018; x_wconf 89' lang='lat' dir='ltr'>qnantum</span> <span class='ocrx_word' id='word_1_167' title='bbox 434 1934 475 1994; x_wconf 91' lang='lat' dir='ltr'>ad</span> <span class='ocrx_word' id='word_1_168' title='bbox 497 1933 603 2016; x_wconf 90' lang='lat' dir='ltr'>ipsum</span> <span class='ocrx_word' id='word_1_169' title='bbox 628 1934 773 2017; x_wconf 88' lang='lat' dir='ltr'>pertinet,</span> <span class='ocrx_word' id='word_1_170' title='bbox 789 1935 878 2009; x_wconf 89' lang='lat' dir='ltr'>bene,</span> <span class='ocrx_word' id='word_1_171' title='bbox 894 1933 1063 2020; x_wconf 85' lang='lat' dir='ltr'>diligenter</span> <span class='ocrx_word' id='word_1_172' title='bbox 1077 1944 1106 1996; x_wconf 95' lang='lat' dir='ltr'>et</span> <span class='ocrx_word' id='word_1_173' title='bbox 1123 1934 1270 2011; x_wconf 90' lang='lat' dir='ltr'>fideliter,</span> <span class='ocrx_word' id='word_1_174' title='bbox 1283 1933 1421 1986; x_wconf 67' lang='lat' dir='ltr'>admirator.</span> 
     </span>
     <span class='ocr_line' id='line_1_20' title="bbox 117 2020 1270 2104; baseline 0.003 -23"><span class='ocrx_word' id='word_1_175' title='bbox 117 2022 296 2103; x_wconf 82' lang='lat' dir='ltr'>exequenda</span> <span class='ocrx_word' id='word_1_176' title='bbox 321 2033 353 2082; x_wconf 90' lang='lat' dir='ltr'>et</span> <span class='ocrx_word' id='word_1_177' title='bbox 382 2020 479 2081; x_wconf 88' lang='lat' dir='ltr'>ctiam</span> <span class='ocrx_word' id='word_1_178' title='bbox 505 2022 707 2091; x_wconf 86' lang='lat' dir='ltr'>observanda,</span> <span class='ocrx_word' id='word_1_179' title='bbox 735 2021 917 2085; x_wconf 90' lang='lat' dir='ltr'>Vicecustos</span> <span class='ocrx_word' id='word_1_180' title='bbox 945 2020 1129 2104; x_wconf 85' lang='lat' dir='ltr'>praedictus,</span> <span class='ocrx_word' id='word_1_181' title='bbox 1161 2022 1270 2085; x_wconf 86' lang='lat' dir='ltr'>statim</span> 
     </span>
    </p>

    <p class='ocr_par' dir='ltr' id='par_1_11' title="bbox 116 2105 1271 2276">
     <span class='ocr_line' id='line_1_21' title="bbox 116 2105 1270 2192; baseline 0.003 -25"><span class='ocrx_word' id='word_1_182' title='bbox 116 2119 189 2189; x_wconf 89' lang='lat' dir='ltr'>post</span> <span class='ocrx_word' id='word_1_183' title='bbox 203 2106 306 2191; x_wconf 90' lang='lat' dir='ltr'>ipsius</span> <span class='ocrx_word' id='word_1_184' title='bbox 322 2105 547 2168; x_wconf 85' lang='lat' dir='ltr'>admissionem</span> <span class='ocrx_word' id='word_1_185' title='bbox 562 2106 603 2168; x_wconf 92' lang='lat' dir='ltr'>ad</span> <span class='ocrx_word' id='word_1_186' title='bbox 618 2105 759 2170; x_wconf 88' lang='lat' dir='ltr'>officium</span> <span class='ocrx_word' id='word_1_187' title='bbox 775 2107 974 2190; x_wconf 88' lang='lat' dir='ltr'>praedictum,</span> <span class='ocrx_word' id='word_1_188' title='bbox 988 2107 1081 2170; x_wconf 87' lang='lat' dir='ltr'>tactis</span> <span class='ocrx_word' id='word_1_189' title='bbox 1097 2129 1152 2190; x_wconf 92' lang='lat' dir='ltr'>per</span> <span class='ocrx_word' id='word_1_190' title='bbox 1167 2107 1270 2192; x_wconf 91' lang='lat' dir='ltr'>ipsum</span> 
     </span>
     <span class='ocr_line' id='line_1_22' title="bbox 117 2191 1271 2276; baseline 0.003 -24"><span class='ocrx_word' id='word_1_191' title='bbox 117 2191 318 2254; x_wconf 88' lang='lat' dir='ltr'>sacrosanctis</span> <span class='ocrx_word' id='word_1_192' title='bbox 336 2191 526 2276; x_wconf 86' lang='lat' dir='ltr'>Evangeliis,</span> <span class='ocrx_word' id='word_1_193' title='bbox 544 2206 667 2274; x_wconf 76' lang='lat' dir='ltr'>praestet</span> <span class='ocrx_word' id='word_1_194' title='bbox 684 2192 888 2275; x_wconf 87' lang='lat' dir='ltr'>corporaliter</span> <span class='ocrx_word' id='word_1_195' title='bbox 898 2191 1124 2274; x_wconf 87' lang='lat' dir='ltr'>juramentum,</span> <span class='ocrx_word' id='word_1_196' title='bbox 1143 2192 1177 2255; x_wconf 95' lang='lat' dir='ltr'>in</span> <span class='ocrx_word' id='word_1_197' title='bbox 1193 2216 1271 2276; x_wconf 83' lang='lat' dir='ltr'>prae·</span> 
     </span>
    </p>

    <p class='ocr_par' dir='ltr' id='par_1_12' title="bbox 117 2276 1269 2362">
     <span class='ocr_line' id='line_1_23' title="bbox 117 2276 1269 2362; baseline 0.002 -24"><span class='ocrx_word' id='word_1_198' title='bbox 117 2277 221 2338; x_wconf 89' lang='lat' dir='ltr'>sentia</span> <span class='ocrx_word' id='word_1_199' title='bbox 234 2277 377 2338; x_wconf 92' lang='lat' dir='ltr'>omnium</span> <span class='ocrx_word' id='word_1_200' title='bbox 395 2276 562 2340; x_wconf 90' lang='lat' dir='ltr'>Sociorum</span> <span class='ocrx_word' id='word_1_201' title='bbox 578 2277 660 2340; x_wconf 92' lang='lat' dir='ltr'>dicti</span> <span class='ocrx_word' id='word_1_202' title='bbox 675 2276 815 2359; x_wconf 85' lang='lat' dir='ltr'>Collegii</span> <span class='ocrx_word' id='word_1_203' title='bbox 830 2278 878 2340; x_wconf 88' lang='lat' dir='ltr'>vel</span> <span class='ocrx_word' id='word_1_204' title='bbox 893 2276 1024 2361; x_wconf 88' lang='lat' dir='ltr'>majoris</span> <span class='ocrx_word' id='word_1_205' title='bbox 1043 2278 1146 2362; x_wconf 90' lang='lat' dir='ltr'>partis</span> <span class='ocrx_word' id='word_1_206' title='bbox 1160 2300 1269 2341; x_wconf 89' lang='lat' dir='ltr'>eorun-</span> 
     </span>
    </p>

    <p class='ocr_par' dir='ltr' id='par_1_13' title="bbox 117 2361 1388 2791">
     <span class='ocr_line' id='line_1_24' title="bbox 118 2361 1270 2448; baseline 0.003 -24"><span class='ocrx_word' id='word_1_207' title='bbox 118 2361 201 2440; x_wconf 87' lang='lat' dir='ltr'>dem,</span> <span class='ocrx_word' id='word_1_208' title='bbox 218 2373 288 2424; x_wconf 92' lang='lat' dir='ltr'>tuuc</span> <span class='ocrx_word' id='word_1_209' title='bbox 304 2362 338 2424; x_wconf 92' lang='lat' dir='ltr'>in</span> <span class='ocrx_word' id='word_1_210' title='bbox 355 2361 503 2443; x_wconf 85' lang='lat' dir='ltr'>Collegio</span> <span class='ocrx_word' id='word_1_211' title='bbox 518 2364 733 2447; x_wconf 87' lang='lat' dir='ltr'>praesentium,</span> <span class='ocrx_word' id='word_1_212' title='bbox 748 2365 880 2448; x_wconf 85' lang='lat' dir='ltr'>praelato</span> <span class='ocrx_word' id='word_1_213' title='bbox 896 2363 1035 2427; x_wconf 86' lang='lat' dir='ltr'>Custode</span> <span class='ocrx_word' id='word_1_214' title='bbox 1054 2362 1270 2446; x_wconf 88' lang='lat' dir='ltr'>juramentum</span> 
     </span>
     <span class='ocr_line' id='line_1_25' title="bbox 117 2445 1385 2534; baseline 0.003 -25"><span class='ocrx_word' id='word_1_215' title='bbox 117 2445 303 2530; x_wconf 90' lang='lat' dir='ltr'>hujusmodi</span> <span class='ocrx_word' id='word_1_216' title='bbox 325 2448 474 2532; x_wconf 86' lang='lat' dir='ltr'>exigente.</span> <span class='ocrx_word' id='word_1_217' title='bbox 530 2448 604 2511; x_wconf 93' lang='lat' dir='ltr'>Hoc</span> <span class='ocrx_word' id='word_1_218' title='bbox 631 2449 727 2510; x_wconf 87' lang='lat' dir='ltr'>etiam</span> <span class='ocrx_word' id='word_1_219' title='bbox 754 2450 894 2532; x_wconf 87' lang='lat' dir='ltr'>proviso,</span> <span class='ocrx_word' id='word_1_220' title='bbox 919 2450 1003 2532; x_wconf 91' lang='lat' dir='ltr'>quod</span> <span class='ocrx_word' id='word_1_221' title='bbox 1028 2449 1177 2534; x_wconf 87' lang='lat' dir='ltr'>eligentes</span> <span class='ocrx_word' id='word_1_222' title='bbox 1203 2451 1344 2524; x_wconf 65' lang='lat' dir='ltr'>siveonh</span> <span class='ocrx_word' id='word_1_223' title='bbox 1357 2473 1385 2522; x_wconf 84' lang='lat' dir='ltr'>ot</span> 
     </span>
     <span class='ocr_line' id='line_1_26' title="bbox 118 2533 1388 2621; baseline 0.002 -26"><span class='ocrx_word' id='word_1_224' title='bbox 118 2535 315 2597; x_wconf 88' lang='lat' dir='ltr'>nominantes</span> <span class='ocrx_word' id='word_1_225' title='bbox 331 2533 575 2597; x_wconf 89' lang='lat' dir='ltr'>Vicecustodem</span> <span class='ocrx_word' id='word_1_226' title='bbox 593 2534 784 2618; x_wconf 92' lang='lat' dir='ltr'>hujusmodi,</span> <span class='ocrx_word' id='word_1_227' title='bbox 811 2535 842 2596; x_wconf 91' lang='lat' dir='ltr'>in</span> <span class='ocrx_word' id='word_1_228' title='bbox 859 2537 921 2597; x_wconf 88' lang='lat' dir='ltr'>vim</span> <span class='ocrx_word' id='word_1_229' title='bbox 932 2534 1101 2618; x_wconf 90' lang='lat' dir='ltr'>juramenti</span> <span class='ocrx_word' id='word_1_230' title='bbox 1115 2558 1171 2619; x_wconf 90' lang='lat' dir='ltr'>per</span> <span class='ocrx_word' id='word_1_231' title='bbox 1186 2533 1269 2621; x_wconf 92' lang='lat' dir='ltr'>ipsos</span> <span class='ocrx_word' id='word_1_232' title='bbox 1282 2538 1388 2586; x_wconf 75' lang='lat' dir='ltr'>electen.</span> 
     </span>
     <span class='ocr_line' id='line_1_27' title="bbox 117 2619 1270 2704; baseline 0.004 -23"><span class='ocrx_word' id='word_1_233' title='bbox 117 2622 207 2704; x_wconf 90' lang='lat' dir='ltr'>prius</span> <span class='ocrx_word' id='word_1_234' title='bbox 234 2619 379 2704; x_wconf 88' lang='lat' dir='ltr'>Collegio</span> <span class='ocrx_word' id='word_1_235' title='bbox 403 2620 549 2702; x_wconf 85' lang='lat' dir='ltr'>praestiti,</span> <span class='ocrx_word' id='word_1_236' title='bbox 578 2631 612 2682; x_wconf 90' lang='lat' dir='ltr'>ut</span> <span class='ocrx_word' id='word_1_237' title='bbox 636 2619 759 2682; x_wconf 92' lang='lat' dir='ltr'>nullum</span> <span class='ocrx_word' id='word_1_238' title='bbox 783 2620 823 2683; x_wconf 87' lang='lat' dir='ltr'>ad</span> <span class='ocrx_word' id='word_1_239' title='bbox 839 2619 1062 2685; x_wconf 90' lang='lat' dir='ltr'>Vicecustodis</span> <span class='ocrx_word' id='word_1_240' title='bbox 1085 2619 1270 2704; x_wconf 91' lang='lat' dir='ltr'>hujusmodi</span> 
     </span>
     <span class='ocr_line' id='line_1_28' title="bbox 117 2705 1270 2791; baseline 0.002 -21"><span class='ocrx_word' id='word_1_241' title='bbox 117 2706 258 2770; x_wconf 88' lang='lat' dir='ltr'>officium</span> <span class='ocrx_word' id='word_1_242' title='bbox 286 2707 453 2784; x_wconf 90' lang='lat' dir='ltr'>nominent,</span> <span class='ocrx_word' id='word_1_243' title='bbox 484 2705 547 2767; x_wconf 90' lang='lat' dir='ltr'>nisi</span> <span class='ocrx_word' id='word_1_244' title='bbox 571 2727 666 2788; x_wconf 92' lang='lat' dir='ltr'>quem</span> <span class='ocrx_word' id='word_1_245' title='bbox 693 2719 765 2768; x_wconf 92' lang='lat' dir='ltr'>tuuc</span> <span class='ocrx_word' id='word_1_246' title='bbox 791 2706 984 2769; x_wconf 88' lang='lat' dir='ltr'>crediderint</span> <span class='ocrx_word' id='word_1_247' title='bbox 1007 2728 1065 2791; x_wconf 88' lang='lat' dir='ltr'>pro</span> <span class='ocrx_word' id='word_1_248' title='bbox 1089 2706 1270 2790; x_wconf 90' lang='lat' dir='ltr'>hujusmodi</span> 
     </span>
    </p>

    <p class='ocr_par' dir='ltr' id='par_1_14' title="bbox 117 2791 1270 2877">
     <span class='ocr_line' id='line_1_29' title="bbox 117 2791 1270 2877; baseline 0.002 -23"><span class='ocrx_word' id='word_1_249' title='bbox 117 2793 221 2855; x_wconf 89' lang='lat' dir='ltr'>officio</span> <span class='ocrx_word' id='word_1_250' title='bbox 235 2794 404 2855; x_wconf 86' lang='lat' dir='ltr'>exercendo</span> <span class='ocrx_word' id='word_1_251' title='bbox 418 2792 452 2852; x_wconf 94' lang='lat' dir='ltr'>in</span> <span class='ocrx_word' id='word_1_252' title='bbox 466 2791 551 2855; x_wconf 90' lang='lat' dir='ltr'>dicto</span> <span class='ocrx_word' id='word_1_253' title='bbox 566 2791 722 2877; x_wconf 85' lang='lat' dir='ltr'>Collegio,</span> <span class='ocrx_word' id='word_1_254' title='bbox 739 2803 809 2874; x_wconf 90' lang='lat' dir='ltr'>post</span> <span class='ocrx_word' id='word_1_255' title='bbox 829 2791 1015 2868; x_wconf 86' lang='lat' dir='ltr'>Custodem,</span> <span class='ocrx_word' id='word_1_256' title='bbox 1031 2793 1071 2855; x_wconf 91' lang='lat' dir='ltr'>ad</span> <span class='ocrx_word' id='word_1_257' title='bbox 1087 2793 1146 2856; x_wconf 93' lang='lat' dir='ltr'>hoc</span> <span class='ocrx_word' id='word_1_258' title='bbox 1161 2793 1270 2856; x_wconf 91' lang='lat' dir='ltr'>idone·</span> 
     </span>
    </p>

    <p class='ocr_par' dir='ltr' id='par_1_15' title="bbox 115 2877 1270 3052">
     <span class='ocr_line' id='line_1_30' title="bbox 117 2877 1270 2964; baseline 0.002 -23"><span class='ocrx_word' id='word_1_259' title='bbox 117 2900 204 2941; x_wconf 87' lang='lat' dir='ltr'>orem</span> <span class='ocrx_word' id='word_1_260' title='bbox 220 2891 250 2941; x_wconf 90' lang='lat' dir='ltr'>et</span> <span class='ocrx_word' id='word_1_261' title='bbox 265 2878 525 2950; x_wconf 90' lang='lat' dir='ltr'>sufficientiorem,</span> <span class='ocrx_word' id='word_1_262' title='bbox 541 2877 707 2940; x_wconf 86' lang='lat' dir='ltr'>affectione</span> <span class='ocrx_word' id='word_1_263' title='bbox 722 2894 752 2941; x_wconf 88' lang='lat' dir='ltr'>et</span> <span class='ocrx_word' id='word_1_264' title='bbox 775 2878 970 2962; x_wconf 89' lang='lat' dir='ltr'>partialitate</span> <span class='ocrx_word' id='word_1_265' title='bbox 986 2880 1183 2942; x_wconf 87' lang='lat' dir='ltr'>cessantibus</span> <span class='ocrx_word' id='word_1_266' title='bbox 1198 2880 1270 2964; x_wconf 92' lang='lat' dir='ltr'>qui·</span> 
     </span>
     <span class='ocr_line' id='line_1_31' title="bbox 115 2963 1270 3052; baseline -0.001 -24"><span class='ocrx_word' id='word_1_267' title='bbox 115 2965 304 3050; x_wconf 91' lang='lat' dir='ltr'>buscunque,</span> <span class='ocrx_word' id='word_1_268' title='bbox 318 2976 350 3027; x_wconf 91' lang='lat' dir='ltr'>et</span> <span class='ocrx_word' id='word_1_269' title='bbox 375 2966 504 3047; x_wconf 88' lang='lat' dir='ltr'>insuper</span> <span class='ocrx_word' id='word_1_270' title='bbox 518 2963 551 3026; x_wconf 95' lang='lat' dir='ltr'>in</span> <span class='ocrx_word' id='word_1_271' title='bbox 575 2965 724 3027; x_wconf 91' lang='lat' dir='ltr'>omnibus</span> <span class='ocrx_word' id='word_1_272' title='bbox 750 2965 953 3029; x_wconf 84' lang='lat' dir='ltr'>electionibus</span> <span class='ocrx_word' id='word_1_273' title='bbox 975 2966 1009 3027; x_wconf 94' lang='lat' dir='ltr'>in</span> <span class='ocrx_word' id='word_1_274' title='bbox 1025 2966 1111 3030; x_wconf 90' lang='lat' dir='ltr'>dicto</span> <span class='ocrx_word' id='word_1_275' title='bbox 1126 2964 1270 3052; x_wconf 90' lang='lat' dir='ltr'>Collegio</span> 
     </span>
    </p>

    <p class='ocr_par' dir='ltr' id='par_1_16' title="bbox 117 3049 1268 3136">
     <span class='ocr_line' id='line_1_32' title="bbox 117 3049 1268 3136; baseline 0.001 -23"><span class='ocrx_word' id='word_1_276' title='bbox 117 3051 156 3113; x_wconf 92' lang='lat' dir='ltr'>de</span> <span class='ocrx_word' id='word_1_277' title='bbox 172 3052 409 3135; x_wconf 90' lang='lat' dir='ltr'>quibuscunque</span> <span class='ocrx_word' id='word_1_278' title='bbox 433 3049 597 3113; x_wconf 87' lang='lat' dir='ltr'>officiariis</span> <span class='ocrx_word' id='word_1_279' title='bbox 621 3050 789 3136; x_wconf 81' lang='lat' dir='ltr'>eligendis,</span> <span class='ocrx_word' id='word_1_280' title='bbox 812 3051 901 3135; x_wconf 90' lang='lat' dir='ltr'>ipsos</span> <span class='ocrx_word' id='word_1_281' title='bbox 922 3052 1071 3114; x_wconf 88' lang='lat' dir='ltr'>electores</span> <span class='ocrx_word' id='word_1_282' title='bbox 1090 3052 1184 3114; x_wconf 92' lang='lat' dir='ltr'>modo</span> <span class='ocrx_word' id='word_1_283' title='bbox 1200 3075 1268 3114; x_wconf 92' lang='lat' dir='ltr'>con·</span> 
     </span>
    </p>

    <p class='ocr_par' dir='ltr' id='par_1_17' title="bbox 115 3135 1435 3562">
     <span class='ocr_line' id='line_1_33' title="bbox 117 3135 1421 3227; baseline 0.002 -29"><span class='ocrx_word' id='word_1_284' title='bbox 117 3136 222 3199; x_wconf 83' lang='lat' dir='ltr'>simili</span> <span class='ocrx_word' id='word_1_285' title='bbox 244 3138 342 3200; x_wconf 89' lang='lat' dir='ltr'>teneri</span> <span class='ocrx_word' id='word_1_286' title='bbox 357 3153 387 3199; x_wconf 89' lang='lat' dir='ltr'>et</span> <span class='ocrx_word' id='word_1_287' title='bbox 414 3136 548 3217; x_wconf 85' lang='lat' dir='ltr'>astringi</span> <span class='ocrx_word' id='word_1_288' title='bbox 572 3135 726 3201; x_wconf 87' lang='lat' dir='ltr'>volumus.</span> <span class='ocrx_word' id='word_1_289' title='bbox 772 3137 1002 3220; x_wconf 89' lang='lat' dir='ltr'>Volumusque,</span> <span class='ocrx_word' id='word_1_290' title='bbox 1024 3138 1167 3221; x_wconf 89' lang='lat' dir='ltr'>insuper,</span> <span class='ocrx_word' id='word_1_291' title='bbox 1184 3138 1268 3224; x_wconf 93' lang='lat' dir='ltr'>quod</span> <span class='ocrx_word' id='word_1_292' title='bbox 1281 3161 1421 3227; x_wconf 78' lang='lat' dir='ltr'>stipendus</span> 
     </span>
     <span class='ocr_line' id='line_1_34' title="bbox 116 3220 1435 3308; baseline 0.001 -24"><span class='ocrx_word' id='word_1_293' title='bbox 116 3222 199 3286; x_wconf 85' lang='lat' dir='ltr'>idem</span> <span class='ocrx_word' id='word_1_294' title='bbox 217 3222 408 3286; x_wconf 89' lang='lat' dir='ltr'>Vicecustos</span> <span class='ocrx_word' id='word_1_295' title='bbox 423 3223 538 3284; x_wconf 87' lang='lat' dir='ltr'>habeat</span> <span class='ocrx_word' id='word_1_296' title='bbox 555 3224 646 3285; x_wconf 85' lang='lat' dir='ltr'>annis</span> <span class='ocrx_word' id='word_1_297' title='bbox 661 3220 796 3304; x_wconf 85' lang='lat' dir='ltr'>singulis</span> <span class='ocrx_word' id='word_1_298' title='bbox 811 3222 931 3308; x_wconf 87' lang='lat' dir='ltr'>viginti</span> <span class='ocrx_word' id='word_1_299' title='bbox 946 3246 999 3285; x_wconf 90' lang='lat' dir='ltr'>sex</span> <span class='ocrx_word' id='word_1_300' title='bbox 1021 3224 1140 3286; x_wconf 91' lang='lat' dir='ltr'>solidos</span> <span class='ocrx_word' id='word_1_301' title='bbox 1155 3236 1183 3285; x_wconf 92' lang='lat' dir='ltr'>et</span> <span class='ocrx_word' id='word_1_302' title='bbox 1199 3235 1268 3286; x_wconf 93' lang='lat' dir='ltr'>octo</span> <span class='ocrx_word' id='word_1_303' title='bbox 1282 3228 1435 3303; x_wconf 67' lang='lat' dir='ltr'>vicenarum</span> 
     </span>
     <span class='ocr_line' id='line_1_35' title="bbox 116 3291 1434 3403; baseline 0.001 -33"><span class='ocrx_word' id='word_1_304' title='bbox 116 3309 269 3379; x_wconf 89' lang='lat' dir='ltr'>denarios,</span> <span class='ocrx_word' id='word_1_305' title='bbox 286 3331 344 3393; x_wconf 92' lang='lat' dir='ltr'>pro</span> <span class='ocrx_word' id='word_1_306' title='bbox 357 3307 460 3370; x_wconf 88' lang='lat' dir='ltr'>laboro</span> <span class='ocrx_word' id='word_1_307' title='bbox 474 3320 504 3369; x_wconf 94' lang='lat' dir='ltr'>et</span> <span class='ocrx_word' id='word_1_308' title='bbox 520 3308 680 3390; x_wconf 88' lang='lat' dir='ltr'>stipendio</span> <span class='ocrx_word' id='word_1_309' title='bbox 695 3309 770 3380; x_wconf 90' lang='lat' dir='ltr'>suis,</span> <span class='ocrx_word' id='word_1_310' title='bbox 786 3309 824 3372; x_wconf 93' lang='lat' dir='ltr'>de</span> <span class='ocrx_word' id='word_1_311' title='bbox 840 3310 933 3371; x_wconf 92' lang='lat' dir='ltr'>bonis</span> <span class='ocrx_word' id='word_1_312' title='bbox 953 3308 1096 3392; x_wconf 89' lang='lat' dir='ltr'>Collegii</span> <span class='ocrx_word' id='word_1_313' title='bbox 1111 3309 1269 3390; x_wconf 87' lang='lat' dir='ltr'>praedicti,</span> <span class='ocrx_word' id='word_1_314' title='bbox 1281 3291 1434 3403; x_wconf 52' lang='lat' dir='ltr'>zfflffm</span> 
     </span>
     <span class='ocr_line' id='line_1_36' title="bbox 115 3391 1391 3480; baseline -0.002 -23"><span class='ocrx_word' id='word_1_315' title='bbox 115 3394 200 3457; x_wconf 90' lang='lat' dir='ltr'>ultra</span> <span class='ocrx_word' id='word_1_316' title='bbox 226 3417 262 3457; x_wconf 89' lang='lat' dir='ltr'>ea</span> <span class='ocrx_word' id='word_1_317' title='bbox 276 3417 345 3480; x_wconf 86' lang='lat' dir='ltr'>quae</span> <span class='ocrx_word' id='word_1_318' title='bbox 360 3392 395 3456; x_wconf 91' lang='lat' dir='ltr'>in</span> <span class='ocrx_word' id='word_1_319' title='bbox 419 3394 530 3456; x_wconf 90' lang='lat' dir='ltr'>eodem</span> <span class='ocrx_word' id='word_1_320' title='bbox 547 3405 627 3456; x_wconf 88' lang='lat' dir='ltr'>esset</span> <span class='ocrx_word' id='word_1_321' title='bbox 651 3394 733 3455; x_wconf 89' lang='lat' dir='ltr'>alias</span> <span class='ocrx_word' id='word_1_322' title='bbox 752 3407 976 3479; x_wconf 86' lang='lat' dir='ltr'>percepturus:</span> <span class='ocrx_word' id='word_1_323' title='bbox 999 3394 1099 3478; x_wconf 91' lang='lat' dir='ltr'>ipsius</span> <span class='ocrx_word' id='word_1_324' title='bbox 1113 3391 1269 3458; x_wconf 86' lang='lat' dir='ltr'>Vicecus-</span> <span class='ocrx_word' id='word_1_325' title='bbox 1384 3392 1391 3406; x_wconf 82' lang='grc'><strong><em>’</em></strong></span> 
     </span>
     <span class='ocr_line' id='line_1_37' title="bbox 116 3476 1269 3562; baseline -0.001 -20"><span class='ocrx_word' id='word_1_326' title='bbox 116 3481 200 3543; x_wconf 90' lang='lat' dir='ltr'>todis</span> <span class='ocrx_word' id='word_1_327' title='bbox 226 3479 410 3562; x_wconf 87' lang='lat' dir='ltr'>hujusmodi</span> <span class='ocrx_word' id='word_1_328' title='bbox 433 3478 537 3542; x_wconf 88' lang='lat' dir='ltr'>officio</span> <span class='ocrx_word' id='word_1_329' title='bbox 561 3476 645 3540; x_wconf 90' lang='lat' dir='ltr'>ultra</span> <span class='ocrx_word' id='word_1_330' title='bbox 661 3479 826 3541; x_wconf 88' lang='lat' dir='ltr'>biennium</span> <span class='ocrx_word' id='word_1_331' title='bbox 853 3479 985 3541; x_wconf 91' lang='lat' dir='ltr'>minime</span> <span class='ocrx_word' id='word_1_332' title='bbox 1001 3479 1158 3541; x_wconf 82' lang='lat' dir='ltr'>duraturo</span> <span class='ocrx_word' id='word_1_333' title='bbox 1202 3479 1269 3541; x_wconf 92' lang='lat' dir='ltr'>Vo-</span> 
     </span>
    </p>

    <p class='ocr_par' dir='ltr' id='par_1_18' title="bbox 115 3562 1435 3815">
     <span class='ocr_line' id='line_1_38' title="bbox 115 3562 1269 3648; baseline 0 -20"><span class='ocrx_word' id='word_1_334' title='bbox 115 3564 213 3628; x_wconf 89' lang='lat' dir='ltr'>lentes</span> <span class='ocrx_word' id='word_1_335' title='bbox 242 3565 327 3647; x_wconf 90' lang='lat' dir='ltr'>quod</span> <span class='ocrx_word' id='word_1_336' title='bbox 355 3565 448 3626; x_wconf 84' lang='lat' dir='ltr'>dictae</span> <span class='ocrx_word' id='word_1_337' title='bbox 477 3562 640 3626; x_wconf 84' lang='lat' dir='ltr'>electionis</span> <span class='ocrx_word' id='word_1_338' title='bbox 670 3567 780 3635; x_wconf 86' lang='lat' dir='ltr'>forma,</span> <span class='ocrx_word' id='word_1_339' title='bbox 814 3586 886 3626; x_wconf 92' lang='lat' dir='ltr'>cum</span> <span class='ocrx_word' id='word_1_340' title='bbox 918 3564 1058 3648; x_wconf 88' lang='lat' dir='ltr'>aliquem</span> <span class='ocrx_word' id='word_1_341' title='bbox 1084 3563 1269 3648; x_wconf 89' lang='lat' dir='ltr'>hujusmodi</span> 
     </span>
     <span class='ocr_line' id='line_1_39' title="bbox 118 3650 1435 3737; baseline -0.001 -22"><span class='ocrx_word' id='word_1_342' title='bbox 118 3651 358 3715; x_wconf 87' lang='lat' dir='ltr'>Vicecustodem</span> <span class='ocrx_word' id='word_1_343' title='bbox 382 3650 458 3735; x_wconf 90' lang='lat' dir='ltr'>eligi</span> <span class='ocrx_word' id='word_1_344' title='bbox 481 3650 660 3733; x_wconf 89' lang='lat' dir='ltr'>contigerit,</span> <span class='ocrx_word' id='word_1_345' title='bbox 684 3650 797 3713; x_wconf 90' lang='lat' dir='ltr'>debeat</span> <span class='ocrx_word' id='word_1_346' title='bbox 817 3651 991 3727; x_wconf 89' lang='lat' dir='ltr'>observari;</span> <span class='ocrx_word' id='word_1_347' title='bbox 1015 3663 1047 3713; x_wconf 93' lang='lat' dir='ltr'>et</span> <span class='ocrx_word' id='word_1_348' title='bbox 1061 3653 1142 3733; x_wconf 91' lang='lat' dir='ltr'>quod</span> <span class='ocrx_word' id='word_1_349' title='bbox 1167 3652 1196 3714; x_wconf 89' lang='lat' dir='ltr'>is</span> <span class='ocrx_word' id='word_1_350' title='bbox 1211 3651 1268 3737; x_wconf 90' lang='lat' dir='ltr'>qui</span> <span class='ocrx_word' id='word_1_351' title='bbox 1282 3675 1435 3727; x_wconf 44' lang='lat' dir='ltr'>nannum,</span> 
     </span>
     <span class='ocr_line' id='line_1_40' title="bbox 117 3736 1268 3815; baseline 0 -15"><span class='ocrx_word' id='word_1_352' title='bbox 117 3738 212 3800; x_wconf 89' lang='lat' dir='ltr'>semel</span> <span class='ocrx_word' id='word_1_353' title='bbox 241 3738 334 3800; x_wconf 89' lang='lat' dir='ltr'>suerit</span> <span class='ocrx_word' id='word_1_354' title='bbox 363 3736 562 3804; x_wconf 90' lang='lat' dir='ltr'>Vicecustos,</span> <span class='ocrx_word' id='word_1_355' title='bbox 593 3736 680 3798; x_wconf 88' lang='lat' dir='ltr'>finito</span> <span class='ocrx_word' id='word_1_356' title='bbox 719 3736 848 3799; x_wconf 90' lang='lat' dir='ltr'>biennio</span> <span class='ocrx_word' id='word_1_357' title='bbox 876 3736 1164 3799; x_wconf 86' lang='lat' dir='ltr'>administrationis</span> <span class='ocrx_word' id='word_1_358' title='bbox 1194 3761 1268 3815; x_wconf 87' lang='lat' dir='ltr'>suae,</span> 
     </span>
    </p>

    <p class='ocr_par' dir='ltr' id='par_1_19' title="bbox 116 3821 1266 3906">
     <span class='ocr_line' id='line_1_41' title="bbox 116 3821 1266 3906; baseline 0.001 -21"><span class='ocrx_word' id='word_1_359' title='bbox 116 3823 239 3894; x_wconf 85' lang='lat' dir='ltr'>iterum,</span> <span class='ocrx_word' id='word_1_360' title='bbox 255 3824 317 3886; x_wconf 93' lang='lat' dir='ltr'>nisi</span> <span class='ocrx_word' id='word_1_361' title='bbox 333 3821 459 3886; x_wconf 89' lang='lat' dir='ltr'>biennio</span> <span class='ocrx_word' id='word_1_362' title='bbox 475 3821 590 3904; x_wconf 83' lang='lat' dir='ltr'>elapsa,</span> <span class='ocrx_word' id='word_1_363' title='bbox 607 3822 648 3884; x_wconf 88' lang='lat' dir='ltr'>ad</span> <span class='ocrx_word' id='word_1_364' title='bbox 664 3822 750 3885; x_wconf 92' lang='lat' dir='ltr'>idem</span> <span class='ocrx_word' id='word_1_365' title='bbox 767 3822 908 3885; x_wconf 89' lang='lat' dir='ltr'>officium</span> <span class='ocrx_word' id='word_1_366' title='bbox 930 3822 1108 3885; x_wconf 88' lang='lat' dir='ltr'>nullatenus</span> <span class='ocrx_word' id='word_1_367' title='bbox 1123 3824 1266 3906; x_wconf 86' lang='lat' dir='ltr'>eligatur,</span> 
     </span>
    </p>

    <p class='ocr_par' dir='ltr' id='par_1_20' title="bbox 116 3906 1268 3994">
     <span class='ocr_line' id='line_1_42' title="bbox 116 3906 1268 3994; baseline 0.003 -24"><span class='ocrx_word' id='word_1_368' title='bbox 116 3910 181 3971; x_wconf 92' lang='lat' dir='ltr'>nisi</span> <span class='ocrx_word' id='word_1_369' title='bbox 198 3911 368 3973; x_wconf 87' lang='lat' dir='ltr'>necessitas</span> <span class='ocrx_word' id='word_1_370' title='bbox 393 3909 458 3970; x_wconf 89' lang='lat' dir='ltr'>sive</span> <span class='ocrx_word' id='word_1_371' title='bbox 473 3907 599 3969; x_wconf 83' lang='lat' dir='ltr'>evidens</span> <span class='ocrx_word' id='word_1_372' title='bbox 624 3907 749 3970; x_wconf 88' lang='lat' dir='ltr'>utilitas</span> <span class='ocrx_word' id='word_1_373' title='bbox 764 3908 845 3971; x_wconf 92' lang='lat' dir='ltr'>dicti</span> <span class='ocrx_word' id='word_1_374' title='bbox 859 3906 1010 3994; x_wconf 89' lang='lat' dir='ltr'>Collegii,</span> <span class='ocrx_word' id='word_1_375' title='bbox 1026 3931 1095 3973; x_wconf 90' lang='lat' dir='ltr'>cum</span> <span class='ocrx_word' id='word_1_376' title='bbox 1118 3931 1268 3973; x_wconf 86' lang='lat' dir='ltr'>consensu</span> 
     </span>
    </p>

    <p class='ocr_par' dir='ltr' id='par_1_21' title="bbox 117 3993 1268 4082">
     <span class='ocr_line' id='line_1_43' title="bbox 117 3993 1268 4082; baseline 0.002 -25"><span class='ocrx_word' id='word_1_377' title='bbox 117 4017 224 4059; x_wconf 90' lang='lat' dir='ltr'>eorum</span> <span class='ocrx_word' id='word_1_378' title='bbox 249 3997 289 4058; x_wconf 91' lang='lat' dir='ltr'>ad</span> <span class='ocrx_word' id='word_1_379' title='bbox 304 4019 384 4082; x_wconf 90' lang='lat' dir='ltr'>quos</span> <span class='ocrx_word' id='word_1_380' title='bbox 408 3993 630 4058; x_wconf 91' lang='lat' dir='ltr'>Vicecustodis</span> <span class='ocrx_word' id='word_1_381' title='bbox 654 3995 767 4058; x_wconf 87' lang='lat' dir='ltr'>electio</span> <span class='ocrx_word' id='word_1_382' title='bbox 788 3995 930 4078; x_wconf 91' lang='lat' dir='ltr'>pertinet,</span> <span class='ocrx_word' id='word_1_383' title='bbox 945 4008 979 4058; x_wconf 92' lang='lat' dir='ltr'>ut</span> <span class='ocrx_word' id='word_1_384' title='bbox 999 3995 1191 4079; x_wconf 71' lang='lat' dir='ltr'>predicitur,</span> <span class='ocrx_word' id='word_1_385' title='bbox 1207 3999 1268 4060; x_wconf 93' lang='lat' dir='ltr'>hoc</span> 
     </span>
    </p>
   </div>
   <div class='ocr_carea' id='block_1_3' title="bbox 117 4095 309 4166">
    <p class='ocr_par' dir='ltr' id='par_1_22' title="bbox 117 4095 309 4166">
     <span class='ocr_line' id='line_1_44' title="bbox 117 4095 309 4166; baseline 0.01 -22"><span class='ocrx_word' id='word_1_386' title='bbox 117 4095 276 4166; x_wconf 86' lang='lat' dir='ltr'>exposcat.</span> <span class='ocrx_word' id='word_1_387' title='bbox 302 4102 309 4116; x_wconf 69' lang='lat'>⁸</span> 
     </span>
    </p>
   </div>
   <div class='ocr_carea' id='block_1_4' title="bbox 117 4277 1268 4448">
    <p class='ocr_par' dir='ltr' id='par_1_23' title="bbox 117 4277 1268 4448">
     <span class='ocr_line' id='line_1_45' title="bbox 117 4277 1268 4366; baseline 0.001 -23"><span class='ocrx_word' id='word_1_388' title='bbox 117 4277 200 4362; x_wconf 86' lang='lat' dir='ltr'>Cap.</span> <span class='ocrx_word' id='word_1_389' title='bbox 218 4280 336 4345; x_wconf 87' lang='lat' dir='ltr'>6.-In</span> <span class='ocrx_word' id='word_1_390' title='bbox 350 4281 459 4366; x_wconf 79' lang='lat' dir='ltr'>quibus</span> <span class='ocrx_word' id='word_1_391' title='bbox 474 4278 559 4346; x_wconf 77' lang='lat' dir='ltr'>Socii</span> <span class='ocrx_word' id='word_1_392' title='bbox 572 4290 600 4344; x_wconf 84' lang='lat' dir='ltr'>ct</span> <span class='ocrx_word' id='word_1_393' title='bbox 619 4280 768 4344; x_wconf 75' lang='lat' dir='ltr'>scholares</span> <span class='ocrx_word' id='word_1_394' title='bbox 785 4280 902 4344; x_wconf 81' lang='lat' dir='ltr'>obedire</span> <span class='ocrx_word' id='word_1_395' title='bbox 921 4279 1023 4342; x_wconf 83' lang='lat' dir='ltr'>debent</span> <span class='ocrx_word' id='word_1_396' title='bbox 1042 4279 1176 4354; x_wconf 81' lang='lat' dir='ltr'>Custodi,</span> <span class='ocrx_word' id='word_1_397' title='bbox 1192 4292 1220 4344; x_wconf 85' lang='lat' dir='ltr'>ct</span> <span class='ocrx_word' id='word_1_398' title='bbox 1235 4282 1268 4345; x_wconf 81' lang='lat' dir='ltr'>in</span> 
     </span>
     <span class='ocr_line' id='line_1_46' title="bbox 476 4367 911 4448; baseline -0.005 -17"><span class='ocrx_word' id='word_1_399' title='bbox 476 4370 539 4448; x_wconf 56' lang='lat' dir='ltr'>pus</span> <span class='ocrx_word' id='word_1_400' title='bbox 556 4367 691 4430; x_wconf 84' lang='lat' dir='ltr'>absentio</span> <span class='ocrx_word' id='word_1_401' title='bbox 716 4367 911 4432; x_wconf 70' lang='lat' dir='ltr'>Vicecmrodi.</span> 
     </span>
    </p>
   </div>
   <div class='ocr_carea' id='block_1_5' title="bbox 161 4498 1267 4600">
    <p class='ocr_par' dir='ltr' id='par_1_24' title="bbox 161 4498 1267 4600">
     <span class='ocr_line' id='line_1_47' title="bbox 161 4498 1267 4600; baseline -0.003 -36"><span class='ocrx_word' id='word_1_402' title='bbox 161 4499 253 4580; x_wconf 87' lang='lat' dir='ltr'>Item,</span> <span class='ocrx_word' id='word_1_403' title='bbox 269 4502 449 4581; x_wconf 84' lang='lat' dir='ltr'>statuimus,</span> <span class='ocrx_word' id='word_1_404' title='bbox 466 4501 652 4568; x_wconf 86' lang='lat' dir='ltr'>ordinamus</span> <span class='ocrx_word' id='word_1_405' title='bbox 667 4511 698 4564; x_wconf 92' lang='lat' dir='ltr'>et</span> <span class='ocrx_word' id='word_1_406' title='bbox 711 4500 866 4581; x_wconf 85' lang='lat' dir='ltr'>volumus,</span> <span class='ocrx_word' id='word_1_407' title='bbox 881 4501 966 4587; x_wconf 91' lang='lat' dir='ltr'>quod</span> <span class='ocrx_word' id='word_1_408' title='bbox 977 4523 1087 4600; x_wconf 85' lang='lat' dir='ltr'>omues</span> <span class='ocrx_word' id='word_1_409' title='bbox 1103 4512 1131 4565; x_wconf 90' lang='lat' dir='ltr'>et</span> <span class='ocrx_word' id='word_1_410' title='bbox 1147 4498 1267 4585; x_wconf 85' lang='lat' dir='ltr'>singuli</span> 
     </span>
    </p>
   </div>
   <div class='ocr_carea' id='block_1_6' title="bbox 0 0 1514 4898">
    <p class='ocr_par' dir='ltr' id='par_1_25' title="bbox 0 0 1514 4898">
     <span class='ocr_line' id='line_1_48' title="bbox 0 0 1514 4898; baseline 0 0"><span class='ocrx_word' id='word_1_411' title='bbox 0 0 1514 4898; x_wconf 95' lang='lat' dir='ltr'> </span> 
     </span>
    </p>
   </div>
  </div>
 </body>
</html>
