<?xml version="1.0" encoding="UTF-8"?>
<!DOCTYPE html PUBLIC "-//W3C//DTD XHTML 1.0 Transitional//EN"
    "http://www.w3.org/TR/xhtml1/DTD/xhtml1-transitional.dtd">
<html xmlns="http://www.w3.org/1999/xhtml" xml:lang="en" lang="en">
 <head>
  <title>
</title>
<meta http-equiv="Content-Type" content="text/html;charset=utf-8" />
  <meta name='ocr-system' content='tesseract 3.04.00' />
  <meta name='ocr-capabilities' content='ocr_page ocr_carea ocr_par ocr_line ocrx_word'/>
</head>
<body>
  <div class='ocr_page' id='page_1' title='image "./statutescollege01bondgoog_0020.png"; bbox 0 0 3014 4898; ppageno 0'>
   <div class='ocr_carea' id='block_1_1' title="bbox 353 219 1270 310">
    <p class='ocr_par' dir='ltr' id='par_1_1' title="bbox 353 219 1270 310">
     <span class='ocr_line' id='line_1_1' title="bbox 353 219 1270 310; baseline -0.001 -21"><span class='ocrx_word' id='word_1_1' title='bbox 353 222 490 290; x_wconf 81' lang='lat' dir='ltr'><strong>Statutcs</strong></span> <span class='ocrx_word' id='word_1_2' title='bbox 503 225 543 310; x_wconf 86' lang='lat' dir='ltr'><strong>of</strong></span> <span class='ocrx_word' id='word_1_3' title='bbox 552 221 717 297; x_wconf 71' lang='lat' dir='ltr'><strong>Alisontia</strong></span> <span class='ocrx_word' id='word_1_4' title='bbox 737 221 863 308; x_wconf 79' lang='lat' dir='ltr'><strong>Collepe,</strong></span> <span class='ocrx_word' id='word_1_5' title='bbox 885 219 1016 306; x_wconf 78' lang='lat' dir='ltr'><strong>Oasord.</strong></span> <span class='ocrx_word' id='word_1_6' title='bbox 1162 274 1164 278; x_wconf 14' lang='grc' dir='ltr'><em>Α</em></span> <span class='ocrx_word' id='word_1_7' title='bbox 1227 224 1270 288; x_wconf 88' lang='grc'><strong>15</strong></span> 
     </span>
    </p>
   </div>
   <div class='ocr_carea' id='block_1_2' title="bbox 57 391 1490 4447">
    <p class='ocr_par' dir='ltr' id='par_1_2' title="bbox 115 391 1274 483">
     <span class='ocr_line' id='line_1_2' title="bbox 115 391 1274 483; baseline -0.001 -23"><span class='ocrx_word' id='word_1_8' title='bbox 115 396 290 483; x_wconf 83' lang='lat' dir='ltr'><strong>contigerit,</strong></span> <span class='ocrx_word' id='word_1_9' title='bbox 317 395 352 459; x_wconf 93' lang='lat' dir='ltr'><strong>in</strong></span> <span class='ocrx_word' id='word_1_10' title='bbox 381 403 467 460; x_wconf 91' lang='lat' dir='ltr'><strong>statu</strong></span> <span class='ocrx_word' id='word_1_11' title='bbox 496 416 561 479; x_wconf 90' lang='lat' dir='ltr'><strong>quo</strong></span> <span class='ocrx_word' id='word_1_12' title='bbox 586 415 764 478; x_wconf 88' lang='lat' dir='ltr'><strong>processum</strong></span> <span class='ocrx_word' id='word_1_13' title='bbox 793 393 891 476; x_wconf 91' lang='lat' dir='ltr'><strong>ipsius</strong></span> <span class='ocrx_word' id='word_1_14' title='bbox 918 391 1075 457; x_wconf 75' lang='lat' dir='ltr'><strong>electionis</strong></span> <span class='ocrx_word' id='word_1_15' title='bbox 1104 392 1274 459; x_wconf 89' lang='lat' dir='ltr'><strong>invenerint</strong></span> 
     </span>
    </p>

    <p class='ocr_par' dir='ltr' id='par_1_3' title="bbox 116 478 1272 566">
     <span class='ocr_line' id='line_1_3' title="bbox 116 478 1272 566; baseline -0.003 -20"><span class='ocrx_word' id='word_1_16' title='bbox 116 482 332 555; x_wconf 73' lang='lat' dir='ltr'><strong>admittantur,</strong></span> <span class='ocrx_word' id='word_1_17' title='bbox 344 493 375 545; x_wconf 89' lang='lat' dir='ltr'><strong>et</strong></span> <span class='ocrx_word' id='word_1_18' title='bbox 389 493 459 546; x_wconf 90' lang='lat' dir='ltr'><strong>vota</strong></span> <span class='ocrx_word' id='word_1_19' title='bbox 473 503 533 544; x_wconf 90' lang='lat' dir='ltr'><strong>sua</strong></span> <span class='ocrx_word' id='word_1_20' title='bbox 556 481 707 554; x_wconf 79' lang='lat' dir='ltr'><strong>emittant,</strong></span> <span class='ocrx_word' id='word_1_21' title='bbox 719 490 752 543; x_wconf 92' lang='lat' dir='ltr'><strong>ut</strong></span> <span class='ocrx_word' id='word_1_22' title='bbox 774 480 947 562; x_wconf 79' lang='lat' dir='ltr'><strong>praefertur.</strong></span> <span class='ocrx_word' id='word_1_23' title='bbox 991 478 1117 543; x_wconf 81' lang='lat' dir='ltr'>Proviso</span> <span class='ocrx_word' id='word_1_24' title='bbox 1139 501 1272 566; x_wconf 82' lang='lat' dir='ltr'><strong>semper,</strong></span> 
     </span>
    </p>

    <p class='ocr_par' dir='ltr' id='par_1_4' title="bbox 117 564 1273 651">
     <span class='ocr_line' id='line_1_4' title="bbox 117 564 1273 651; baseline 0.002 -23"><span class='ocrx_word' id='word_1_25' title='bbox 117 579 153 630; x_wconf 92' lang='lat' dir='ltr'><strong>ut</strong></span> <span class='ocrx_word' id='word_1_26' title='bbox 166 569 251 633; x_wconf 87' lang='lat' dir='ltr'><strong>dicta</strong></span> <span class='ocrx_word' id='word_1_27' title='bbox 265 568 436 632; x_wconf 89' lang='lat' dir='ltr'><strong>nominatio</strong></span> <span class='ocrx_word' id='word_1_28' title='bbox 450 569 512 632; x_wconf 89' lang='lat' dir='ltr'><strong>sive</strong></span> <span class='ocrx_word' id='word_1_29' title='bbox 528 564 638 630; x_wconf 80' lang='lat' dir='ltr'><strong>electio</strong></span> <span class='ocrx_word' id='word_1_30' title='bbox 653 588 777 651; x_wconf 87' lang='lat' dir='ltr'><strong>semper</strong></span> <span class='ocrx_word' id='word_1_31' title='bbox 791 566 872 629; x_wconf 80' lang='lat' dir='ltr'><strong>inira</strong></span> <span class='ocrx_word' id='word_1_32' title='bbox 886 566 965 629; x_wconf 92' lang='lat' dir='ltr'><strong>duos</strong></span> <span class='ocrx_word' id='word_1_33' title='bbox 979 565 1045 628; x_wconf 88' lang='lat' dir='ltr'><strong>dies</strong></span> <span class='ocrx_word' id='word_1_34' title='bbox 1067 567 1237 648; x_wconf 88' lang='lat' dir='ltr'><strong>completos</strong></span> <span class='ocrx_word' id='word_1_35' title='bbox 1252 589 1273 630; x_wconf 90' lang='lat' dir='ltr'><strong>a</strong></span> 
     </span>
    </p>

    <p class='ocr_par' dir='ltr' id='par_1_5' title="bbox 117 652 1272 739">
     <span class='ocr_line' id='line_1_5' title="bbox 117 652 1272 739; baseline -0.002 -21"><span class='ocrx_word' id='word_1_36' title='bbox 117 666 258 738; x_wconf 87' lang='lat' dir='ltr'><strong>tempore</strong></span> <span class='ocrx_word' id='word_1_37' title='bbox 285 654 465 739; x_wconf 77' lang='lat' dir='ltr'><strong>inceptionis</strong></span> <span class='ocrx_word' id='word_1_38' title='bbox 490 654 629 717; x_wconf 88' lang='lat' dir='ltr'><strong>scrutinii</strong></span> <span class='ocrx_word' id='word_1_39' title='bbox 658 652 802 736; x_wconf 79' lang='lat' dir='ltr'><strong>praedicti</strong></span> <span class='ocrx_word' id='word_1_40' title='bbox 830 652 1027 736; x_wconf 90' lang='lat' dir='ltr'><strong>compleatur</strong></span> <span class='ocrx_word' id='word_1_41' title='bbox 1052 663 1084 715; x_wconf 92' lang='lat' dir='ltr'><strong>et</strong></span> <span class='ocrx_word' id='word_1_42' title='bbox 1106 652 1160 717; x_wconf 86' lang='lat' dir='ltr'><strong>fiat</strong></span> <span class='ocrx_word' id='word_1_43' title='bbox 1184 653 1272 717; x_wconf 91' lang='lat' dir='ltr'><strong>omni</strong></span> 
     </span>
    </p>

    <p class='ocr_par' dir='ltr' id='par_1_6' title="bbox 119 737 1480 825">
     <span class='ocr_line' id='line_1_6' title="bbox 119 737 1480 825; baseline 0.001 -23"><span class='ocrx_word' id='word_1_44' title='bbox 119 739 223 804; x_wconf 90' lang='lat' dir='ltr'><strong>modo.</strong></span> <span class='ocrx_word' id='word_1_45' title='bbox 269 739 426 804; x_wconf 89' lang='lat' dir='ltr'><strong>Omnibus</strong></span> <span class='ocrx_word' id='word_1_46' title='bbox 440 742 482 804; x_wconf 92' lang='lat' dir='ltr'><strong>sic</strong></span> <span class='ocrx_word' id='word_1_47' title='bbox 497 740 639 825; x_wconf 84' lang='lat' dir='ltr'><strong>peractis,</strong></span> <span class='ocrx_word' id='word_1_48' title='bbox 653 739 740 803; x_wconf 91' lang='lat' dir='ltr'><strong>nullo</strong></span> <span class='ocrx_word' id='word_1_49' title='bbox 758 737 822 802; x_wconf 92' lang='lat' dir='ltr'><strong>alio</strong></span> <span class='ocrx_word' id='word_1_50' title='bbox 838 759 914 802; x_wconf 84' lang='lat' dir='ltr'><strong>mox</strong></span> <span class='ocrx_word' id='word_1_51' title='bbox 927 738 1046 811; x_wconf 90' lang='lat' dir='ltr'><strong>ordine,</strong></span> <span class='ocrx_word' id='word_1_52' title='bbox 1062 759 1205 822; x_wconf 87' lang='lat' dir='ltr'><strong>processu</strong></span> <span class='ocrx_word' id='word_1_53' title='bbox 1219 762 1271 802; x_wconf 90' lang='lat' dir='ltr'><strong>seu</strong></span> <span class='ocrx_word' id='word_1_54' title='bbox 1282 754 1444 806; x_wconf 76' lang='lat' dir='ltr'><strong>Presenrcrton</strong></span> <span class='ocrx_word' id='word_1_55' title='bbox 1455 759 1480 803; x_wconf 78' lang='lat' dir='ltr'><strong>to</strong></span> 
     </span>
    </p>

    <p class='ocr_par' dir='ltr' id='par_1_7' title="bbox 117 818 1486 911">
     <span class='ocr_line' id='line_1_7' title="bbox 117 818 1486 911; baseline -0.004 -23"><span class='ocrx_word' id='word_1_56' title='bbox 117 824 310 907; x_wconf 81' lang='lat' dir='ltr'><strong>solennitate,</strong></span> <span class='ocrx_word' id='word_1_57' title='bbox 325 828 357 890; x_wconf 87' lang='lat' dir='ltr'><strong>in</strong></span> <span class='ocrx_word' id='word_1_58' title='bbox 369 829 427 890; x_wconf 91' lang='lat' dir='ltr'><strong>hac</strong></span> <span class='ocrx_word' id='word_1_59' title='bbox 442 839 528 911; x_wconf 85' lang='lat' dir='ltr'><strong>parte</strong></span> <span class='ocrx_word' id='word_1_60' title='bbox 553 826 724 889; x_wconf 88' lang='lat' dir='ltr'><strong>observatis</strong></span> <span class='ocrx_word' id='word_1_61' title='bbox 748 847 802 887; x_wconf 90' lang='lat' dir='ltr'><strong>seu</strong></span> <span class='ocrx_word' id='word_1_62' title='bbox 816 826 914 888; x_wconf 88' lang='lat' dir='ltr'><strong>etiam</strong></span> <span class='ocrx_word' id='word_1_63' title='bbox 938 824 1103 910; x_wconf 86' lang='lat' dir='ltr'><strong>requisitis,</strong></span> <span class='ocrx_word' id='word_1_64' title='bbox 1120 824 1184 887; x_wconf 84' lang='lat' dir='ltr'><strong>illac</strong></span> <span class='ocrx_word' id='word_1_65' title='bbox 1199 846 1270 910; x_wconf 90' lang='lat' dir='ltr'><strong>per·</strong></span> <span class='ocrx_word' id='word_1_66' title='bbox 1283 821 1323 868; x_wconf 64' lang='lat'><strong>*¹¹⁰</strong></span> <span class='ocrx_word' id='word_1_67' title='bbox 1337 818 1486 882; x_wconf 71' lang='lat' dir='ltr'><strong>A¹0¹¹bl⁸l¹⁰r</strong></span> 
     </span>
    </p>

    <p class='ocr_par' dir='ltr' id='par_1_8' title="bbox 118 882 1480 998">
     <span class='ocr_line' id='line_1_8' title="bbox 118 882 1480 998; baseline 0.001 -25"><span class='ocrx_word' id='word_1_68' title='bbox 118 933 209 987; x_wconf 81' lang='lat' dir='ltr'><strong>sonae,</strong></span> <span class='ocrx_word' id='word_1_69' title='bbox 235 914 278 976; x_wconf 91' lang='lat' dir='ltr'><strong>sic</strong></span> <span class='ocrx_word' id='word_1_70' title='bbox 304 915 336 976; x_wconf 89' lang='lat' dir='ltr'><strong>iu</strong></span> <span class='ocrx_word' id='word_1_71' title='bbox 357 913 503 976; x_wconf 89' lang='lat' dir='ltr'><strong>scrutinio</strong></span> <span class='ocrx_word' id='word_1_72' title='bbox 526 911 657 975; x_wconf 89' lang='lat' dir='ltr'><strong>finaliter</strong></span> <span class='ocrx_word' id='word_1_73' title='bbox 679 910 850 983; x_wconf 77' lang='lat' dir='ltr'><strong>nominatae,</strong></span> <span class='ocrx_word' id='word_1_74' title='bbox 874 932 933 994; x_wconf 93' lang='lat' dir='ltr'><strong>per</strong></span> <span class='ocrx_word' id='word_1_75' title='bbox 960 931 1060 974; x_wconf 89' lang='lat' dir='ltr'><strong>unum</strong></span> <span class='ocrx_word' id='word_1_76' title='bbox 1075 910 1226 974; x_wconf 86' lang='lat' dir='ltr'><strong>seniorem</strong></span> <span class='ocrx_word' id='word_1_77' title='bbox 1241 882 1480 998; x_wconf 50' lang='lat' dir='ltr'><strong>etflifflssbffi,</strong></span> 
     </span>
    </p>

    <p class='ocr_par' dir='ltr' id='par_1_9' title="bbox 118 997 1449 1084">
     <span class='ocr_line' id='line_1_9' title="bbox 118 997 1449 1084; baseline 0.001 -23"><span class='ocrx_word' id='word_1_78' title='bbox 118 998 328 1064; x_wconf 81' lang='lat' dir='ltr'><strong>discretiorem</strong></span> <span class='ocrx_word' id='word_1_79' title='bbox 343 999 471 1064; x_wconf 81' lang='lat' dir='ltr'><strong>Sosium</strong></span> <span class='ocrx_word' id='word_1_80' title='bbox 487 999 580 1084; x_wconf 89' lang='lat' dir='ltr'><strong>ipsius</strong></span> <span class='ocrx_word' id='word_1_81' title='bbox 595 997 737 1084; x_wconf 83' lang='lat' dir='ltr'><strong>Collegii,</strong></span> <span class='ocrx_word' id='word_1_82' title='bbox 751 1008 819 1081; x_wconf 89' lang='lat' dir='ltr'><strong>post</strong></span> <span class='ocrx_word' id='word_1_83' title='bbox 831 997 915 1083; x_wconf 90' lang='lat' dir='ltr'><strong>ipsos</strong></span> <span class='ocrx_word' id='word_1_84' title='bbox 929 998 973 1060; x_wconf 90' lang='lat' dir='ltr'><strong>sic</strong></span> <span class='ocrx_word' id='word_1_85' title='bbox 997 997 1108 1062; x_wconf 88' lang='lat' dir='ltr'><strong>electos</strong></span> <span class='ocrx_word' id='word_1_86' title='bbox 1124 1007 1155 1060; x_wconf 91' lang='lat' dir='ltr'><strong>et</strong></span> <span class='ocrx_word' id='word_1_87' title='bbox 1170 999 1271 1061; x_wconf 90' lang='lat' dir='ltr'><strong>nomi·</strong></span> <span class='ocrx_word' id='word_1_88' title='bbox 1283 1013 1343 1062; x_wconf 77' lang='lat' dir='ltr'><strong>lom</strong></span> <span class='ocrx_word' id='word_1_89' title='bbox 1354 1010 1449 1062; x_wconf 76' lang='lat' dir='ltr'><strong>mmai.</strong></span> 
     </span>
    </p>

    <p class='ocr_par' dir='ltr' id='par_1_10' title="bbox 119 1083 1271 1171">
     <span class='ocr_line' id='line_1_10' title="bbox 119 1083 1271 1171; baseline 0.001 -25"><span class='ocrx_word' id='word_1_90' title='bbox 119 1095 217 1164; x_wconf 88' lang='lat' dir='ltr'><strong>natos,</strong></span> <span class='ocrx_word' id='word_1_91' title='bbox 245 1106 300 1169; x_wconf 88' lang='lat' dir='ltr'><strong>per</strong></span> <span class='ocrx_word' id='word_1_92' title='bbox 324 1086 478 1170; x_wconf 91' lang='lat' dir='ltr'><strong>majorem</strong></span> <span class='ocrx_word' id='word_1_93' title='bbox 500 1097 623 1171; x_wconf 89' lang='lat' dir='ltr'><strong>partem</strong></span> <span class='ocrx_word' id='word_1_94' title='bbox 641 1087 829 1171; x_wconf 90' lang='lat' dir='ltr'><strong>juristarum</strong></span> <span class='ocrx_word' id='word_1_95' title='bbox 843 1105 961 1147; x_wconf 88' lang='lat' dir='ltr'><strong>necnon</strong></span> <span class='ocrx_word' id='word_1_96' title='bbox 985 1083 1165 1146; x_wconf 85' lang='lat' dir='ltr'><strong>artistarum</strong></span> <span class='ocrx_word' id='word_1_97' title='bbox 1186 1083 1271 1150; x_wconf 84' lang='lat' dir='ltr'><strong>Soci-</strong></span> 
     </span>
    </p>

    <p class='ocr_par' dir='ltr' id='par_1_11' title="bbox 118 1169 1274 1258">
     <span class='ocr_line' id='line_1_11' title="bbox 118 1169 1274 1258; baseline 0 -25"><span class='ocrx_word' id='word_1_98' title='bbox 118 1192 209 1233; x_wconf 91' lang='lat' dir='ltr'><strong>orum</strong></span> <span class='ocrx_word' id='word_1_99' title='bbox 224 1171 265 1235; x_wconf 95' lang='lat' dir='ltr'><strong>ad</strong></span> <span class='ocrx_word' id='word_1_100' title='bbox 282 1183 356 1234; x_wconf 89' lang='lat' dir='ltr'><strong>tunc</strong></span> <span class='ocrx_word' id='word_1_101' title='bbox 369 1174 570 1258; x_wconf 86' lang='lat' dir='ltr'><strong>praesentium</strong></span> <span class='ocrx_word' id='word_1_102' title='bbox 584 1172 817 1245; x_wconf 88' lang='lat' dir='ltr'><strong>nominandum,</strong></span> <span class='ocrx_word' id='word_1_103' title='bbox 831 1191 895 1233; x_wconf 91' lang='lat' dir='ltr'><strong>una</strong></span> <span class='ocrx_word' id='word_1_104' title='bbox 919 1193 993 1235; x_wconf 90' lang='lat' dir='ltr'><strong>cum</strong></span> <span class='ocrx_word' id='word_1_105' title='bbox 1008 1169 1101 1234; x_wconf 89' lang='lat' dir='ltr'><strong>literis</strong></span> <span class='ocrx_word' id='word_1_106' title='bbox 1115 1169 1274 1235; x_wconf 86' lang='lat' dir='ltr'><strong>electionis</strong></span> 
     </span>
    </p>

    <p class='ocr_par' dir='ltr' id='par_1_12' title="bbox 118 1256 1274 1342">
     <span class='ocr_line' id='line_1_12' title="bbox 118 1256 1274 1342; baseline 0.001 -24"><span class='ocrx_word' id='word_1_107' title='bbox 118 1257 296 1342; x_wconf 80' lang='lat' dir='ltr'><strong>praedictae3</strong></span> <span class='ocrx_word' id='word_1_108' title='bbox 310 1259 454 1338; x_wconf 87' lang='lat' dir='ltr'><strong>formam,</strong></span> <span class='ocrx_word' id='word_1_109' title='bbox 464 1280 502 1322; x_wconf 90' lang='lat' dir='ltr'><strong>ac</strong></span> <span class='ocrx_word' id='word_1_110' title='bbox 514 1259 673 1342; x_wconf 76' lang='lat' dir='ltr'><strong>praesentis</strong></span> <span class='ocrx_word' id='word_1_111' title='bbox 689 1259 785 1322; x_wconf 86' lang='lat' dir='ltr'><strong>nostri</strong></span> <span class='ocrx_word' id='word_1_112' title='bbox 799 1258 919 1329; x_wconf 88' lang='lat' dir='ltr'><strong>statuti,</strong></span> <span class='ocrx_word' id='word_1_113' title='bbox 932 1269 961 1319; x_wconf 89' lang='lat' dir='ltr'><strong>et</strong></span> <span class='ocrx_word' id='word_1_114' title='bbox 976 1256 1145 1340; x_wconf 86' lang='lat' dir='ltr'><strong>juramenti</strong></span> <span class='ocrx_word' id='word_1_115' title='bbox 1160 1278 1180 1318; x_wconf 90' lang='lat' dir='ltr'><strong>a</strong></span> <span class='ocrx_word' id='word_1_116' title='bbox 1193 1279 1274 1340; x_wconf 85' lang='lat' dir='ltr'><strong>prra-</strong></span> 
     </span>
    </p>

    <p class='ocr_par' dir='ltr' id='par_1_13' title="bbox 121 1342 1273 1430">
     <span class='ocr_line' id='line_1_13' title="bbox 121 1342 1273 1430; baseline 0.001 -25"><span class='ocrx_word' id='word_1_117' title='bbox 121 1343 255 1407; x_wconf 88' lang='lat' dir='ltr'><strong>ticiendo</strong></span> <span class='ocrx_word' id='word_1_118' title='bbox 281 1345 312 1407; x_wconf 93' lang='lat' dir='ltr'><strong>in</strong></span> <span class='ocrx_word' id='word_1_119' title='bbox 329 1344 502 1409; x_wconf 89' lang='lat' dir='ltr'><strong>Custodem</strong></span> <span class='ocrx_word' id='word_1_120' title='bbox 524 1345 702 1430; x_wconf 84' lang='lat' dir='ltr'><strong>praestandi,</strong></span> <span class='ocrx_word' id='word_1_121' title='bbox 724 1353 846 1407; x_wconf 86' lang='lat' dir='ltr'><strong>tenores</strong></span> <span class='ocrx_word' id='word_1_122' title='bbox 870 1343 1012 1427; x_wconf 84' lang='lat' dir='ltr'><strong>plenarie</strong></span> <span class='ocrx_word' id='word_1_123' title='bbox 1030 1342 1273 1416; x_wconf 88' lang='lat' dir='ltr'><strong>continentibus,</strong></span> 
     </span>
    </p>

    <p class='ocr_par' dir='ltr' id='par_1_14' title="bbox 119 1429 1274 1516">
     <span class='ocr_line' id='line_1_14' title="bbox 119 1429 1274 1516; baseline 0.002 -26"><span class='ocrx_word' id='word_1_124' title='bbox 119 1430 225 1516; x_wconf 85' lang='lat' dir='ltr'><strong>sigillo</strong></span> <span class='ocrx_word' id='word_1_125' title='bbox 246 1433 405 1495; x_wconf 87' lang='lat' dir='ltr'><strong>communi</strong></span> <span class='ocrx_word' id='word_1_126' title='bbox 429 1430 505 1494; x_wconf 94' lang='lat' dir='ltr'><strong>dicti</strong></span> <span class='ocrx_word' id='word_1_127' title='bbox 529 1430 670 1516; x_wconf 82' lang='lat' dir='ltr'><strong>Collegii,</strong></span> <span class='ocrx_word' id='word_1_128' title='bbox 693 1432 724 1494; x_wconf 93' lang='lat' dir='ltr'><strong>in</strong></span> <span class='ocrx_word' id='word_1_129' title='bbox 751 1430 918 1513; x_wconf 79' lang='lat' dir='ltr'><strong>praeseutia</strong></span> <span class='ocrx_word' id='word_1_130' title='bbox 944 1429 1085 1493; x_wconf 89' lang='lat' dir='ltr'><strong>omniurn</strong></span> <span class='ocrx_word' id='word_1_131' title='bbox 1112 1429 1274 1493; x_wconf 88' lang='lat' dir='ltr'><strong>Sociorum</strong></span> 
     </span>
    </p>

    <p class='ocr_par' dir='ltr' id='par_1_15' title="bbox 118 1514 1274 1602">
     <span class='ocr_line' id='line_1_15' title="bbox 118 1514 1274 1602; baseline 0.004 -27"><span class='ocrx_word' id='word_1_132' title='bbox 118 1524 191 1579; x_wconf 90' lang='lat' dir='ltr'><strong>tunc</strong></span> <span class='ocrx_word' id='word_1_133' title='bbox 206 1518 413 1599; x_wconf 84' lang='lat' dir='ltr'><strong>praesentium,</strong></span> <span class='ocrx_word' id='word_1_134' title='bbox 431 1518 495 1580; x_wconf 89' lang='lat' dir='ltr'><strong>sina</strong></span> <span class='ocrx_word' id='word_1_135' title='bbox 509 1517 691 1580; x_wconf 86' lang='lat' dir='ltr'><strong>difficultate</strong></span> <span class='ocrx_word' id='word_1_136' title='bbox 706 1516 845 1601; x_wconf 92' lang='lat' dir='ltr'><strong>qualibet</strong></span> <span class='ocrx_word' id='word_1_137' title='bbox 863 1514 1047 1602; x_wconf 85' lang='lat' dir='ltr'><strong>sigillandis,</strong></span> <span class='ocrx_word' id='word_1_138' title='bbox 1066 1515 1178 1600; x_wconf 90' lang='lat' dir='ltr'><strong>[nobis]</strong></span> <span class='ocrx_word' id='word_1_139' title='bbox 1193 1516 1274 1580; x_wconf 91' lang='lat' dir='ltr'><strong>dum</strong></span> 
     </span>
    </p>

    <p class='ocr_par' dir='ltr' id='par_1_16' title="bbox 120 1600 1274 1687">
     <span class='ocr_line' id='line_1_16' title="bbox 120 1600 1274 1687; baseline 0.003 -25"><span class='ocrx_word' id='word_1_140' title='bbox 120 1602 302 1682; x_wconf 85' lang='lat' dir='ltr'><strong>vixerimus,</strong></span> <span class='ocrx_word' id='word_1_141' title='bbox 317 1613 428 1686; x_wconf 89' lang='lat' dir='ltr'><strong>etpost</strong></span> <span class='ocrx_word' id='word_1_142' title='bbox 450 1603 613 1667; x_wconf 87' lang='lat' dir='ltr'><strong>decessum</strong></span> <span class='ocrx_word' id='word_1_143' title='bbox 637 1614 777 1666; x_wconf 90' lang='lat' dir='ltr'><strong>nostrum</strong></span> <span class='ocrx_word' id='word_1_144' title='bbox 792 1600 1038 1687; x_wconf 84' lang='lat' dir='ltr'><strong>Archiepisoopo</strong></span> <span class='ocrx_word' id='word_1_145' title='bbox 1060 1601 1274 1667; x_wconf 72' lang='lat' dir='ltr'><strong>cantuariensi</strong></span> 
     </span>
    </p>

    <p class='ocr_par' dir='ltr' id='par_1_17' title="bbox 119 1687 1273 1773">
     <span class='ocr_line' id='line_1_17' title="bbox 119 1687 1273 1773; baseline 0.003 -25"><span class='ocrx_word' id='word_1_146' title='bbox 119 1687 173 1769; x_wconf 92' lang='lat' dir='ltr'><strong>qui</strong></span> <span class='ocrx_word' id='word_1_147' title='bbox 186 1709 242 1770; x_wconf 88' lang='lat' dir='ltr'><strong>pro</strong></span> <span class='ocrx_word' id='word_1_148' title='bbox 258 1704 396 1773; x_wconf 87' lang='lat' dir='ltr'><strong>ternpore</strong></span> <span class='ocrx_word' id='word_1_149' title='bbox 411 1689 510 1761; x_wconf 85' lang='lat' dir='ltr'><strong>lirerit,</strong></span> <span class='ocrx_word' id='word_1_150' title='bbox 525 1691 550 1752; x_wconf 91' lang='lat' dir='ltr'><strong>si</strong></span> <span class='ocrx_word' id='word_1_151' title='bbox 567 1711 773 1753; x_wconf 90' lang='lat' dir='ltr'><strong>successorem</strong></span> <span class='ocrx_word' id='word_1_152' title='bbox 797 1705 936 1752; x_wconf 90' lang='lat' dir='ltr'><strong>nostrum</strong></span> <span class='ocrx_word' id='word_1_153' title='bbox 960 1688 1141 1773; x_wconf 88' lang='lat' dir='ltr'><strong>hujusmodi</strong></span> <span class='ocrx_word' id='word_1_154' title='bbox 1156 1690 1187 1752; x_wconf 92' lang='lat' dir='ltr'><strong>in</strong></span> <span class='ocrx_word' id='word_1_155' title='bbox 1201 1711 1273 1773; x_wconf 92' lang='lat' dir='ltr'><strong>pro·</strong></span> 
     </span>
    </p>

    <p class='ocr_par' dir='ltr' id='par_1_18' title="bbox 119 1773 1276 1861">
     <span class='ocr_line' id='line_1_18' title="bbox 119 1773 1276 1861; baseline 0.003 -26"><span class='ocrx_word' id='word_1_156' title='bbox 119 1773 222 1839; x_wconf 89' lang='lat' dir='ltr'><strong>vincia</strong></span> <span class='ocrx_word' id='word_1_157' title='bbox 232 1773 450 1839; x_wconf 81' lang='lat' dir='ltr'><strong>Cantuariensi</strong></span> <span class='ocrx_word' id='word_1_158' title='bbox 466 1787 520 1839; x_wconf 89' lang='lat' dir='ltr'><strong>aut</strong></span> <span class='ocrx_word' id='word_1_159' title='bbox 531 1776 721 1840; x_wconf 87' lang='lat' dir='ltr'><strong>Eboraccnsi</strong></span> <span class='ocrx_word' id='word_1_160' title='bbox 736 1798 802 1838; x_wconf 82' lang='lat' dir='ltr'><strong>esse</strong></span> <span class='ocrx_word' id='word_1_161' title='bbox 817 1775 989 1861; x_wconf 83' lang='lat' dir='ltr'><strong>contigerit,</strong></span> <span class='ocrx_word' id='word_1_162' title='bbox 1004 1774 1143 1858; x_wconf 92' lang='lat' dir='ltr'><strong>alioquin</strong></span> <span class='ocrx_word' id='word_1_163' title='bbox 1159 1776 1276 1839; x_wconf 88' lang='lat' dir='ltr'><strong>vicario</strong></span> 
     </span>
    </p>

    <p class='ocr_par' dir='ltr' id='par_1_19' title="bbox 121 1857 1276 2036">
     <span class='ocr_line' id='line_1_19' title="bbox 121 1857 1276 2006; baseline 0.004 -86"><span class='ocrx_word' id='word_1_164' title='bbox 121 1857 189 2006; x_wconf 55' lang='lat' dir='ltr'><strong>agua</strong></span> <span class='ocrx_word' id='word_1_165' title='bbox 204 1861 236 1923; x_wconf 92' lang='lat' dir='ltr'><strong>in</strong></span> <span class='ocrx_word' id='word_1_166' title='bbox 252 1862 467 1948; x_wconf 89' lang='lat' dir='ltr'><strong>spiritualibus</strong></span> <span class='ocrx_word' id='word_1_167' title='bbox 491 1862 631 1950; x_wconf 88' lang='lat' dir='ltr'><strong>generali</strong></span> <span class='ocrx_word' id='word_1_168' title='bbox 656 1874 720 1936; x_wconf 91' lang='lat' dir='ltr'><strong>aut,</strong></span> <span class='ocrx_word' id='word_1_169' title='bbox 743 1864 811 1946; x_wconf 90' lang='lat' dir='ltr'><strong>ipso</strong></span> <span class='ocrx_word' id='word_1_170' title='bbox 833 1863 1006 1933; x_wconf 86' lang='lat' dir='ltr'><strong>deficiente,</strong></span> <span class='ocrx_word' id='word_1_171' title='bbox 1033 1860 1158 1925; x_wconf 89' lang='lat' dir='ltr'><strong>officiali</strong></span> <span class='ocrx_word' id='word_1_172' title='bbox 1181 1863 1276 1925; x_wconf 78' lang='lat' dir='ltr'><strong>curiae</strong></span> 
     </span>
     <span class='ocr_line' id='line_1_20' title="bbox 151 1946 1276 2036; baseline 0.004 -28"><span class='ocrx_word' id='word_1_173' title='bbox 151 1948 365 2021; x_wconf 89' lang='lat' dir='ltr'><strong>antuaricnsis,</strong></span> <span class='ocrx_word' id='word_1_174' title='bbox 394 1949 466 2013; x_wconf 89' lang='lat' dir='ltr'><strong>sede</strong></span> <span class='ocrx_word' id='word_1_175' title='bbox 494 1949 596 2034; x_wconf 87' lang='lat' dir='ltr'><strong>plena,</strong></span> <span class='ocrx_word' id='word_1_176' title='bbox 634 1951 702 2036; x_wconf 87' lang='lat' dir='ltr'><strong>ipsa</strong></span> <span class='ocrx_word' id='word_1_177' title='bbox 740 1971 813 2012; x_wconf 87' lang='lat' dir='ltr'><strong>vero</strong></span> <span class='ocrx_word' id='word_1_178' title='bbox 842 1959 981 2024; x_wconf 87' lang='lat' dir='ltr'><strong>vacante,</strong></span> <span class='ocrx_word' id='word_1_179' title='bbox 1009 1946 1111 2011; x_wconf 92' lang='lat' dir='ltr'><strong>Priori</strong></span> <span class='ocrx_word' id='word_1_180' title='bbox 1139 1948 1276 2012; x_wconf 87' lang='lat' dir='ltr'><strong>ecclesiae</strong></span> 
     </span>
    </p>

    <p class='ocr_par' dir='ltr' id='par_1_20' title="bbox 121 2033 1276 2122">
     <span class='ocr_line' id='line_1_21' title="bbox 121 2033 1276 2122; baseline 0.003 -29"><span class='ocrx_word' id='word_1_181' title='bbox 121 2042 232 2096; x_wconf 82' lang='lat' dir='ltr'><strong>noctua</strong></span> <span class='ocrx_word' id='word_1_182' title='bbox 253 2033 497 2114; x_wconf 84' lang='lat' dir='ltr'><strong>Cantuariensis,</strong></span> <span class='ocrx_word' id='word_1_183' title='bbox 527 2037 608 2098; x_wconf 83' lang='lat' dir='ltr'><strong>inira</strong></span> <span class='ocrx_word' id='word_1_184' title='bbox 633 2037 769 2122; x_wconf 85' lang='lat' dir='ltr'><strong>spatium</strong></span> <span class='ocrx_word' id='word_1_185' title='bbox 794 2035 919 2121; x_wconf 82' lang='lat' dir='ltr'><strong>triginta</strong></span> <span class='ocrx_word' id='word_1_186' title='bbox 944 2035 1065 2098; x_wconf 91' lang='lat' dir='ltr'><strong>dierum</strong></span> <span class='ocrx_word' id='word_1_187' title='bbox 1091 2055 1111 2096; x_wconf 91' lang='lat' dir='ltr'><strong>a</strong></span> <span class='ocrx_word' id='word_1_188' title='bbox 1134 2044 1276 2119; x_wconf 86' lang='lat' dir='ltr'><strong>tempore</strong></span> 
     </span>
    </p>

    <p class='ocr_par' dir='ltr' id='par_1_21' title="bbox 121 2118 1276 2204">
     <span class='ocr_line' id='line_1_22' title="bbox 121 2118 1276 2204; baseline 0.003 -24"><span class='ocrx_word' id='word_1_189' title='bbox 121 2118 335 2201; x_wconf 89' lang='lat' dir='ltr'><strong>publicationis</strong></span> <span class='ocrx_word' id='word_1_190' title='bbox 373 2121 530 2185; x_wconf 89' lang='lat' dir='ltr'><strong>electionis</strong></span> <span class='ocrx_word' id='word_1_191' title='bbox 560 2123 624 2184; x_wconf 87' lang='lat' dir='ltr'><strong>sive</strong></span> <span class='ocrx_word' id='word_1_192' title='bbox 661 2122 876 2185; x_wconf 88' lang='lat' dir='ltr'><strong>nominationis</strong></span> <span class='ocrx_word' id='word_1_193' title='bbox 905 2120 1102 2204; x_wconf 88' lang='lat' dir='ltr'><strong>hujusmodi,</strong></span> <span class='ocrx_word' id='word_1_194' title='bbox 1135 2131 1169 2183; x_wconf 92' lang='lat' dir='ltr'><strong>nt</strong></span> <span class='ocrx_word' id='word_1_195' title='bbox 1197 2143 1276 2204; x_wconf 86' lang='lat' dir='ltr'><strong>prae·</strong></span> 
     </span>
    </p>

    <p class='ocr_par' dir='ltr' id='par_1_22' title="bbox 121 2204 1275 2290">
     <span class='ocr_line' id='line_1_23' title="bbox 121 2204 1275 2290; baseline 0.003 -24"><span class='ocrx_word' id='word_1_196' title='bbox 121 2204 242 2284; x_wconf 91' lang='lat' dir='ltr'><strong>dicitur,</strong></span> <span class='ocrx_word' id='word_1_197' title='bbox 261 2206 294 2268; x_wconf 92' lang='lat' dir='ltr'><strong>iu</strong></span> <span class='ocrx_word' id='word_1_198' title='bbox 314 2208 475 2271; x_wconf 89' lang='lat' dir='ltr'><strong>communi</strong></span> <span class='ocrx_word' id='word_1_199' title='bbox 491 2208 650 2283; x_wconf 70' lang='lat' dir='ltr'><strong>faciendae,</strong></span> <span class='ocrx_word' id='word_1_200' title='bbox 675 2209 815 2271; x_wconf 89' lang='lat' dir='ltr'><strong>continue</strong></span> <span class='ocrx_word' id='word_1_201' title='bbox 838 2207 1113 2285; x_wconf 89' lang='lat' dir='ltr'><strong>numerandorum,</strong></span> <span class='ocrx_word' id='word_1_202' title='bbox 1137 2226 1275 2290; x_wconf 83' lang='lat' dir='ltr'><strong>praesen·</strong></span> 
     </span>
    </p>

    <p class='ocr_par' dir='ltr' id='par_1_23' title="bbox 123 2291 1275 2377">
     <span class='ocr_line' id='line_1_24' title="bbox 123 2291 1275 2377; baseline 0.003 -27"><span class='ocrx_word' id='word_1_203' title='bbox 123 2297 229 2356; x_wconf 88' lang='lat' dir='ltr'><strong>tantur.</strong></span> <span class='ocrx_word' id='word_1_204' title='bbox 273 2291 393 2367; x_wconf 82' lang='lat' dir='ltr'><strong>Quibus</strong></span> <span class='ocrx_word' id='word_1_205' title='bbox 408 2292 504 2355; x_wconf 90' lang='lat' dir='ltr'><strong>literis</strong></span> <span class='ocrx_word' id='word_1_206' title='bbox 517 2315 614 2377; x_wconf 84' lang='lat' dir='ltr'><strong>supra</strong></span> <span class='ocrx_word' id='word_1_207' title='bbox 627 2293 776 2358; x_wconf 88' lang='lat' dir='ltr'><strong>electione</strong></span> <span class='ocrx_word' id='word_1_208' title='bbox 790 2315 844 2355; x_wconf 90' lang='lat' dir='ltr'><strong>seu</strong></span> <span class='ocrx_word' id='word_1_209' title='bbox 857 2292 1065 2355; x_wconf 89' lang='lat' dir='ltr'><strong>nominatione</strong></span> <span class='ocrx_word' id='word_1_210' title='bbox 1083 2292 1275 2375; x_wconf 87' lang='lat' dir='ltr'><strong>hujusmodi,</strong></span> 
     </span>
    </p>

    <p class='ocr_par' dir='ltr' id='par_1_24' title="bbox 123 2373 1274 2465">
     <span class='ocr_line' id='line_1_25' title="bbox 123 2373 1274 2465; baseline 0.005 -29"><span class='ocrx_word' id='word_1_211' title='bbox 123 2373 280 2461; x_wconf 88' lang='lat' dir='ltr'><strong>modoque</strong></span> <span class='ocrx_word' id='word_1_212' title='bbox 309 2389 339 2442; x_wconf 92' lang='lat' dir='ltr'><strong>et</strong></span> <span class='ocrx_word' id='word_1_213' title='bbox 366 2378 467 2440; x_wconf 79' lang='lat' dir='ltr'><strong>forma</strong></span> <span class='ocrx_word' id='word_1_214' title='bbox 496 2380 664 2463; x_wconf 79' lang='lat' dir='ltr'><strong>praedictis,</strong></span> <span class='ocrx_word' id='word_1_215' title='bbox 692 2380 811 2465; x_wconf 85' lang='lat' dir='ltr'><strong>absque</strong></span> <span class='ocrx_word' id='word_1_216' title='bbox 834 2378 1017 2462; x_wconf 88' lang='lat' dir='ltr'><strong>probatione</strong></span> <span class='ocrx_word' id='word_1_217' title='bbox 1046 2376 1118 2448; x_wconf 88' lang='lat' dir='ltr'><strong>alia,</strong></span> <span class='ocrx_word' id='word_1_218' title='bbox 1147 2377 1274 2462; x_wconf 88' lang='lat' dir='ltr'><strong>plenam</strong></span> 
     </span>
    </p>

    <p class='ocr_par' dir='ltr' id='par_1_25' title="bbox 57 2459 1277 2549">
     <span class='ocr_line' id='line_1_26' title="bbox 57 2459 1277 2549; baseline 0.002 -23"><span class='ocrx_word' id='word_1_219' title='bbox 57 2536 59 2540; x_wconf 11' lang='grc' dir='ltr'><em>Α</em></span> <span class='ocrx_word' id='word_1_220' title='bbox 122 2459 218 2526; x_wconf 81' lang='lat' dir='ltr'><strong>iidem</strong></span> <span class='ocrx_word' id='word_1_221' title='bbox 233 2462 376 2526; x_wconf 85' lang='lat' dir='ltr'><strong>volumus</strong></span> <span class='ocrx_word' id='word_1_222' title='bbox 392 2464 544 2529; x_wconf 88' lang='lat' dir='ltr'><strong>adhiberi.</strong></span> <span class='ocrx_word' id='word_1_223' title='bbox 589 2465 654 2541; x_wconf 86' lang='lat' dir='ltr'><strong>Qui</strong></span> <span class='ocrx_word' id='word_1_224' title='bbox 669 2465 793 2549; x_wconf 91' lang='lat' dir='ltr'><strong>quidem</strong></span> <span class='ocrx_word' id='word_1_225' title='bbox 814 2464 931 2535; x_wconf 85' lang='lat' dir='ltr'><strong>Sosius,</strong></span> <span class='ocrx_word' id='word_1_226' title='bbox 947 2486 1021 2528; x_wconf 90' lang='lat' dir='ltr'><strong>cum</strong></span> <span class='ocrx_word' id='word_1_227' title='bbox 1035 2463 1124 2526; x_wconf 90' lang='lat' dir='ltr'><strong>dictis</strong></span> <span class='ocrx_word' id='word_1_228' title='bbox 1139 2466 1277 2546; x_wconf 89' lang='lat' dir='ltr'><strong>personis</strong></span> 
     </span>
    </p>

    <p class='ocr_par' dir='ltr' id='par_1_26' title="bbox 123 2545 1276 2630">
     <span class='ocr_line' id='line_1_27' title="bbox 123 2545 1276 2630; baseline 0.005 -23"><span class='ocrx_word' id='word_1_229' title='bbox 123 2545 156 2610; x_wconf 90' lang='lat' dir='ltr'><strong>iu</strong></span> <span class='ocrx_word' id='word_1_230' title='bbox 166 2547 339 2612; x_wconf 85' lang='lat' dir='ltr'><strong>Custodem</strong></span> <span class='ocrx_word' id='word_1_231' title='bbox 354 2551 519 2614; x_wconf 88' lang='lat' dir='ltr'><strong>nominatis</strong></span> <span class='ocrx_word' id='word_1_232' title='bbox 534 2551 713 2630; x_wconf 89' lang='lat' dir='ltr'><strong>mittendus,</strong></span> <span class='ocrx_word' id='word_1_233' title='bbox 728 2573 836 2616; x_wconf 90' lang='lat' dir='ltr'><strong>coram</strong></span> <span class='ocrx_word' id='word_1_234' title='bbox 850 2550 939 2614; x_wconf 90' lang='lat' dir='ltr'><strong>nobis</strong></span> <span class='ocrx_word' id='word_1_235' title='bbox 955 2563 1009 2613; x_wconf 91' lang='lat' dir='ltr'><strong>aut</strong></span> <span class='ocrx_word' id='word_1_236' title='bbox 1019 2549 1148 2612; x_wconf 89' lang='lat' dir='ltr'><strong>domino</strong></span> <span class='ocrx_word' id='word_1_237' title='bbox 1161 2549 1276 2614; x_wconf 86' lang='lat' dir='ltr'><strong>Archi·</strong></span> 
     </span>
    </p>

    <p class='ocr_par' dir='ltr' id='par_1_27' title="bbox 124 2633 1276 2722">
     <span class='ocr_line' id='line_1_28' title="bbox 124 2633 1276 2722; baseline 0.005 -28"><span class='ocrx_word' id='word_1_238' title='bbox 124 2633 282 2719; x_wconf 89' lang='lat' dir='ltr'><strong>episcopo,</strong></span> <span class='ocrx_word' id='word_1_239' title='bbox 298 2657 353 2699; x_wconf 91' lang='lat' dir='ltr'><strong>seu</strong></span> <span class='ocrx_word' id='word_1_240' title='bbox 368 2635 423 2699; x_wconf 94' lang='lat' dir='ltr'><strong>illo</strong></span> <span class='ocrx_word' id='word_1_241' title='bbox 445 2638 495 2700; x_wconf 90' lang='lat' dir='ltr'><strong>cui</strong></span> <span class='ocrx_word' id='word_1_242' title='bbox 508 2638 627 2702; x_wconf 91' lang='lat' dir='ltr'><strong>dictam</strong></span> <span class='ocrx_word' id='word_1_243' title='bbox 652 2639 921 2722; x_wconf 66' lang='lat' dir='ltr'><strong>presentationem</strong></span> <span class='ocrx_word' id='word_1_244' title='bbox 940 2637 1006 2700; x_wconf 88' lang='lat' dir='ltr'><strong>fieri</strong></span> <span class='ocrx_word' id='word_1_245' title='bbox 1029 2635 1194 2722; x_wconf 86' lang='lat' dir='ltr'><strong>continget,</strong></span> <span class='ocrx_word' id='word_1_246' title='bbox 1210 2639 1276 2700; x_wconf 90' lang='lat' dir='ltr'><strong>col-</strong></span> 
     </span>
    </p>

    <p class='ocr_par' dir='ltr' id='par_1_28' title="bbox 122 2718 1276 2809">
     <span class='ocr_line' id='line_1_29' title="bbox 122 2718 1276 2809; baseline 0.005 -28"><span class='ocrx_word' id='word_1_247' title='bbox 122 2718 270 2785; x_wconf 89' lang='lat' dir='ltr'><strong>lationem</strong></span> <span class='ocrx_word' id='word_1_248' title='bbox 298 2722 332 2786; x_wconf 90' lang='lat' dir='ltr'><strong>in</strong></span> <span class='ocrx_word' id='word_1_249' title='bbox 362 2722 476 2788; x_wconf 87' lang='lat' dir='ltr'><strong>Latino</strong></span> <span class='ocrx_word' id='word_1_250' title='bbox 505 2745 642 2788; x_wconf 86' lang='lat' dir='ltr'><strong>sermone</strong></span> <span class='ocrx_word' id='word_1_251' title='bbox 666 2725 765 2788; x_wconf 86' lang='lat' dir='ltr'><strong>lacere</strong></span> <span class='ocrx_word' id='word_1_252' title='bbox 784 2733 934 2802; x_wconf 89' lang='lat' dir='ltr'><strong>teneatur,</strong></span> <span class='ocrx_word' id='word_1_253' title='bbox 956 2723 1073 2787; x_wconf 90' lang='lat' dir='ltr'><strong>dictum</strong></span> <span class='ocrx_word' id='word_1_254' title='bbox 1098 2721 1276 2809; x_wconf 83' lang='lat' dir='ltr'><strong>Collegium</strong></span> 
     </span>
    </p>

    <p class='ocr_par' dir='ltr' id='par_1_29' title="bbox 123 2807 1275 2893">
     <span class='ocr_line' id='line_1_30' title="bbox 123 2807 1275 2893; baseline 0.003 -24"><span class='ocrx_word' id='word_1_255' title='bbox 123 2827 343 2893; x_wconf 89' lang='lat' dir='ltr'><strong>personasque,</strong></span> <span class='ocrx_word' id='word_1_256' title='bbox 367 2808 399 2871; x_wconf 93' lang='lat' dir='ltr'><strong>in</strong></span> <span class='ocrx_word' id='word_1_257' title='bbox 424 2807 599 2874; x_wconf 81' lang='lat' dir='ltr'><strong>Custodem</strong></span> <span class='ocrx_word' id='word_1_258' title='bbox 625 2811 811 2881; x_wconf 87' lang='lat' dir='ltr'><strong>nominatas,</strong></span> <span class='ocrx_word' id='word_1_259' title='bbox 840 2821 870 2872; x_wconf 91' lang='lat' dir='ltr'><strong>et</strong></span> <span class='ocrx_word' id='word_1_260' title='bbox 896 2830 1003 2872; x_wconf 92' lang='lat' dir='ltr'><strong>omnes</strong></span> <span class='ocrx_word' id='word_1_261' title='bbox 1025 2809 1104 2872; x_wconf 88' lang='lat' dir='ltr'><strong>alias</strong></span> <span class='ocrx_word' id='word_1_262' title='bbox 1126 2831 1275 2893; x_wconf 89' lang='lat' dir='ltr'><strong>personas</strong></span> 
     </span>
    </p>

    <p class='ocr_par' dir='ltr' id='par_1_30' title="bbox 124 2892 1275 2984">
     <span class='ocr_line' id='line_1_31' title="bbox 124 2892 1275 2984; baseline 0.005 -31"><span class='ocrx_word' id='word_1_263' title='bbox 124 2892 198 2956; x_wconf 92' lang='lat' dir='ltr'><strong>dicti</strong></span> <span class='ocrx_word' id='word_1_264' title='bbox 213 2893 356 2984; x_wconf 83' lang='lat' dir='ltr'><strong>Collegit,</strong></span> <span class='ocrx_word' id='word_1_265' title='bbox 373 2895 476 2961; x_wconf 88' lang='lat' dir='ltr'><strong>eidem</strong></span> <span class='ocrx_word' id='word_1_266' title='bbox 499 2896 686 2979; x_wconf 87' lang='lat' dir='ltr'><strong>specialiter,</strong></span> <span class='ocrx_word' id='word_1_267' title='bbox 711 2897 852 2960; x_wconf 90' lang='lat' dir='ltr'><strong>decenter</strong></span> <span class='ocrx_word' id='word_1_268' title='bbox 873 2907 903 2959; x_wconf 91' lang='lat' dir='ltr'><strong>et</strong></span> <span class='ocrx_word' id='word_1_269' title='bbox 921 2895 1098 2974; x_wconf 89' lang='lat' dir='ltr'><strong>honorifice,</strong></span> <span class='ocrx_word' id='word_1_270' title='bbox 1115 2917 1275 2959; x_wconf 88' lang='lat' dir='ltr'><strong>commen-</strong></span> 
     </span>
    </p>

    <p class='ocr_par' dir='ltr' id='par_1_31' title="bbox 124 2977 1460 3068">
     <span class='ocr_line' id='line_1_32' title="bbox 124 2977 1460 3068; baseline 0.004 -28"><span class='ocrx_word' id='word_1_271' title='bbox 124 2977 235 3046; x_wconf 87' lang='lat' dir='ltr'><strong>dando.</strong></span> <span class='ocrx_word' id='word_1_272' title='bbox 281 2980 353 3066; x_wconf 88' lang='lat' dir='ltr'><strong>Ipse</strong></span> <span class='ocrx_word' id='word_1_273' title='bbox 372 3003 445 3045; x_wconf 88' lang='lat' dir='ltr'><strong>vero</strong></span> <span class='ocrx_word' id='word_1_274' title='bbox 459 2981 604 3046; x_wconf 90' lang='lat' dir='ltr'><strong>dominus</strong></span> <span class='ocrx_word' id='word_1_275' title='bbox 620 2982 892 3067; x_wconf 89' lang='lat' dir='ltr'><strong>Archiepisoopus,</strong></span> <span class='ocrx_word' id='word_1_276' title='bbox 907 2992 961 3044; x_wconf 90' lang='lat' dir='ltr'><strong>aut</strong></span> <span class='ocrx_word' id='word_1_277' title='bbox 981 2980 1036 3044; x_wconf 91' lang='lat' dir='ltr'><strong>ille</strong></span> <span class='ocrx_word' id='word_1_278' title='bbox 1059 2982 1099 3044; x_wconf 89' lang='lat' dir='ltr'><strong>de</strong></span> <span class='ocrx_word' id='word_1_279' title='bbox 1121 2983 1275 3067; x_wconf 84' lang='lat' dir='ltr'><strong>praedictis</strong></span> <span class='ocrx_word' id='word_1_280' title='bbox 1286 3002 1460 3068; x_wconf 60' lang='lat' dir='ltr'><strong>apposuissent</strong></span> 
     </span>
    </p>

    <p class='ocr_par' dir='ltr' id='par_1_32' title="bbox 124 3066 1489 3154">
     <span class='ocr_line' id='line_1_33' title="bbox 124 3066 1489 3154; baseline 0.004 -29"><span class='ocrx_word' id='word_1_281' title='bbox 124 3066 267 3151; x_wconf 91' lang='lat' dir='ltr'><strong>personis</strong></span> <span class='ocrx_word' id='word_1_282' title='bbox 288 3067 339 3131; x_wconf 90' lang='lat' dir='ltr'><strong>cui</strong></span> <span class='ocrx_word' id='word_1_283' title='bbox 359 3066 537 3154; x_wconf 88' lang='lat' dir='ltr'><strong>hujusmodi</strong></span> <span class='ocrx_word' id='word_1_284' title='bbox 564 3071 762 3154; x_wconf 70' lang='lat' dir='ltr'><strong>praesentatio</strong></span> <span class='ocrx_word' id='word_1_285' title='bbox 780 3067 874 3153; x_wconf 83' lang='lat' dir='ltr'><strong>juxta</strong></span> <span class='ocrx_word' id='word_1_286' title='bbox 896 3090 985 3133; x_wconf 84' lang='lat' dir='ltr'><strong>casus</strong></span> <span class='ocrx_word' id='word_1_287' title='bbox 1006 3068 1166 3152; x_wconf 78' lang='lat' dir='ltr'><strong>praedictos</strong></span> <span class='ocrx_word' id='word_1_288' title='bbox 1185 3069 1319 3142; x_wconf 74' lang='lat' dir='ltr'><strong>rneritbs</strong></span> <span class='ocrx_word' id='word_1_289' title='bbox 1330 3067 1369 3115; x_wconf 78' lang='lat' dir='ltr'><strong>the</strong></span> <span class='ocrx_word' id='word_1_290' title='bbox 1381 3066 1457 3115; x_wconf 80' lang='lat' dir='ltr'><strong>Arch-</strong></span> <span class='ocrx_word' id='word_1_291' title='bbox 1486 3130 1489 3146; x_wconf 64' lang='grc'>,</span> 
     </span>
    </p>

    <p class='ocr_par' dir='ltr' id='par_1_33' title="bbox 125 3131 1490 3245">
     <span class='ocr_line' id='line_1_34' title="bbox 125 3131 1490 3245; baseline 0.004 -33"><span class='ocrx_word' id='word_1_292' title='bbox 125 3151 271 3225; x_wconf 80' lang='lat' dir='ltr'><strong>iacienda,</strong></span> <span class='ocrx_word' id='word_1_293' title='bbox 298 3174 392 3218; x_wconf 89' lang='lat' dir='ltr'><strong>unam</strong></span> <span class='ocrx_word' id='word_1_294' title='bbox 417 3155 457 3218; x_wconf 92' lang='lat' dir='ltr'><strong>de</strong></span> <span class='ocrx_word' id='word_1_295' title='bbox 483 3157 617 3239; x_wconf 90' lang='lat' dir='ltr'><strong>personis</strong></span> <span class='ocrx_word' id='word_1_296' title='bbox 637 3157 681 3221; x_wconf 88' lang='lat' dir='ltr'><strong>sic</strong></span> <span class='ocrx_word' id='word_1_297' title='bbox 707 3156 764 3219; x_wconf 89' lang='lat' dir='ltr'><strong>sibi</strong></span> <span class='ocrx_word' id='word_1_298' title='bbox 786 3157 959 3230; x_wconf 90' lang='lat' dir='ltr'><strong>nominatis,</strong></span> <span class='ocrx_word' id='word_1_299' title='bbox 984 3177 1077 3241; x_wconf 87' lang='lat' dir='ltr'><strong>quarn</strong></span> <span class='ocrx_word' id='word_1_300' title='bbox 1103 3131 1460 3245; x_wconf 48' lang='lat' dir='ltr'><strong>secundrrmssllffffisssffi</strong></span> <span class='ocrx_word' id='word_1_301' title='bbox 1487 3165 1490 3196; x_wconf 75' lang='lat'>²</span> 
     </span>
    </p>

    <p class='ocr_par' dir='ltr' id='par_1_34' title="bbox 124 3235 1402 3326">
     <span class='ocr_line' id='line_1_35' title="bbox 124 3235 1402 3326; baseline 0.006 -24"><span class='ocrx_word' id='word_1_302' title='bbox 124 3235 232 3302; x_wconf 89' lang='lat' dir='ltr'><strong>Deum</strong></span> <span class='ocrx_word' id='word_1_303' title='bbox 247 3249 277 3303; x_wconf 89' lang='lat' dir='ltr'><strong>et</strong></span> <span class='ocrx_word' id='word_1_304' title='bbox 299 3262 408 3303; x_wconf 87' lang='lat' dir='ltr'><strong>sanam</strong></span> <span class='ocrx_word' id='word_1_305' title='bbox 433 3242 649 3321; x_wconf 86' lang='lat' dir='ltr'><strong>conscientiam</strong></span> <span class='ocrx_word' id='word_1_306' title='bbox 672 3242 774 3326; x_wconf 83' lang='lat' dir='ltr'><strong>magis</strong></span> <span class='ocrx_word' id='word_1_307' title='bbox 801 3242 944 3304; x_wconf 87' lang='lat' dir='ltr'><strong>idoneam</strong></span> <span class='ocrx_word' id='word_1_308' title='bbox 959 3241 999 3304; x_wconf 87' lang='lat' dir='ltr'><strong>ad</strong></span> <span class='ocrx_word' id='word_1_309' title='bbox 1015 3240 1074 3304; x_wconf 89' lang='lat' dir='ltr'><strong>hoc</strong></span> <span class='ocrx_word' id='word_1_310' title='bbox 1100 3241 1274 3320; x_wconf 87' lang='lat' dir='ltr'><strong>crediderit,</strong></span> <span class='ocrx_word' id='word_1_311' title='bbox 1287 3259 1402 3311; x_wconf 70' lang='lat' dir='ltr'><strong>wardan.</strong></span> 
     </span>
    </p>

    <p class='ocr_par' dir='ltr' id='par_1_35' title="bbox 126 3325 1276 3412">
     <span class='ocr_line' id='line_1_36' title="bbox 126 3325 1276 3412; baseline 0.003 -27"><span class='ocrx_word' id='word_1_312' title='bbox 126 3325 322 3408; x_wconf 86' lang='lat' dir='ltr'><strong>gratificabit,</strong></span> <span class='ocrx_word' id='word_1_313' title='bbox 337 3337 367 3391; x_wconf 91' lang='lat' dir='ltr'><strong>et</strong></span> <span class='ocrx_word' id='word_1_314' title='bbox 384 3327 504 3409; x_wconf 86' lang='lat' dir='ltr'><strong>absque</strong></span> <span class='ocrx_word' id='word_1_315' title='bbox 525 3349 621 3390; x_wconf 87' lang='lat' dir='ltr'><strong>morae</strong></span> <span class='ocrx_word' id='word_1_316' title='bbox 636 3327 805 3411; x_wconf 88' lang='lat' dir='ltr'><strong>dispendio</strong></span> <span class='ocrx_word' id='word_1_317' title='bbox 828 3337 883 3389; x_wconf 87' lang='lat' dir='ltr'><strong>aut</strong></span> <span class='ocrx_word' id='word_1_318' title='bbox 897 3347 1041 3410; x_wconf 88' lang='lat' dir='ltr'><strong>processu</strong></span> <span class='ocrx_word' id='word_1_319' title='bbox 1051 3325 1230 3412; x_wconf 88' lang='lat' dir='ltr'><strong>judiciario,</strong></span> <span class='ocrx_word' id='word_1_320' title='bbox 1245 3340 1276 3389; x_wconf 90' lang='lat' dir='ltr'><strong>et</strong></span> 
     </span>
    </p>

    <p class='ocr_par' dir='ltr' id='par_1_36' title="bbox 125 3408 1273 3496">
     <span class='ocr_line' id='line_1_37' title="bbox 125 3408 1273 3496; baseline 0.002 -23"><span class='ocrx_word' id='word_1_321' title='bbox 125 3412 245 3495; x_wconf 87' lang='lat' dir='ltr'><strong>absque</strong></span> <span class='ocrx_word' id='word_1_322' title='bbox 275 3413 508 3496; x_wconf 77' lang='lat' dir='ltr'><strong>impugnatione</strong></span> <span class='ocrx_word' id='word_1_323' title='bbox 537 3412 698 3477; x_wconf 87' lang='lat' dir='ltr'><strong>electionis</strong></span> <span class='ocrx_word' id='word_1_324' title='bbox 727 3412 793 3476; x_wconf 88' lang='lat' dir='ltr'><strong>sire</strong></span> <span class='ocrx_word' id='word_1_325' title='bbox 831 3408 1053 3476; x_wconf 88' lang='lat' dir='ltr'><strong>nominationis</strong></span> <span class='ocrx_word' id='word_1_326' title='bbox 1082 3410 1273 3494; x_wconf 87' lang='lat' dir='ltr'><strong>hujusmodi,</strong></span> 
     </span>
    </p>

    <p class='ocr_par' dir='ltr' id='par_1_37' title="bbox 125 3495 1274 3584">
     <span class='ocr_line' id='line_1_38' title="bbox 125 3495 1274 3584; baseline 0 -24"><span class='ocrx_word' id='word_1_327' title='bbox 125 3495 232 3578; x_wconf 90' lang='lat' dir='ltr'><strong>ipsam</strong></span> <span class='ocrx_word' id='word_1_328' title='bbox 246 3496 396 3580; x_wconf 85' lang='lat' dir='ltr'><strong>praeliciat</strong></span> <span class='ocrx_word' id='word_1_329' title='bbox 410 3498 444 3561; x_wconf 93' lang='lat' dir='ltr'><strong>in</strong></span> <span class='ocrx_word' id='word_1_330' title='bbox 459 3497 632 3562; x_wconf 82' lang='lat' dir='ltr'><strong>Custodem</strong></span> <span class='ocrx_word' id='word_1_331' title='bbox 652 3497 787 3583; x_wconf 81' lang='lat' dir='ltr'><strong>Collegii</strong></span> <span class='ocrx_word' id='word_1_332' title='bbox 807 3497 990 3584; x_wconf 88' lang='lat' dir='ltr'><strong>supradicti.</strong></span> <span class='ocrx_word' id='word_1_333' title='bbox 1034 3496 1102 3572; x_wconf 82' lang='lat' dir='ltr'><strong>Qui</strong></span> <span class='ocrx_word' id='word_1_334' title='bbox 1126 3497 1170 3560; x_wconf 90' lang='lat' dir='ltr'><strong>sic</strong></span> <span class='ocrx_word' id='word_1_335' title='bbox 1193 3520 1274 3581; x_wconf 83' lang='lat' dir='ltr'><strong>prce-</strong></span> 
     </span>
    </p>

    <p class='ocr_par' dir='ltr' id='par_1_38' title="bbox 126 3582 1277 3664">
     <span class='ocr_line' id='line_1_39' title="bbox 126 3582 1277 3664; baseline 0.001 -18"><span class='ocrx_word' id='word_1_336' title='bbox 126 3583 232 3656; x_wconf 83' lang='lat' dir='ltr'><strong>fectus,</strong></span> <span class='ocrx_word' id='word_1_337' title='bbox 248 3582 271 3646; x_wconf 91' lang='lat' dir='ltr'><strong>si</strong></span> <span class='ocrx_word' id='word_1_338' title='bbox 287 3583 428 3646; x_wconf 87' lang='lat' dir='ltr'><strong>sacerdos</strong></span> <span class='ocrx_word' id='word_1_339' title='bbox 441 3606 500 3647; x_wconf 95' lang='lat' dir='ltr'><strong>non</strong></span> <span class='ocrx_word' id='word_1_340' title='bbox 515 3584 616 3664; x_wconf 87' lang='lat' dir='ltr'><strong>suerit,</strong></span> <span class='ocrx_word' id='word_1_341' title='bbox 632 3585 663 3648; x_wconf 92' lang='lat' dir='ltr'><strong>in</strong></span> <span class='ocrx_word' id='word_1_342' title='bbox 678 3585 872 3648; x_wconf 86' lang='lat' dir='ltr'><strong>sacerdotem</strong></span> <span class='ocrx_word' id='word_1_343' title='bbox 884 3607 917 3646; x_wconf 90' lang='lat' dir='ltr'><strong>se</strong></span> <span class='ocrx_word' id='word_1_344' title='bbox 934 3583 1025 3646; x_wconf 89' lang='lat' dir='ltr'><strong>faciat</strong></span> <span class='ocrx_word' id='word_1_345' title='bbox 1039 3583 1178 3647; x_wconf 89' lang='lat' dir='ltr'><strong>ordinari</strong></span> <span class='ocrx_word' id='word_1_346' title='bbox 1193 3583 1277 3647; x_wconf 82' lang='lat' dir='ltr'><strong>iufra</strong></span> 
     </span>
    </p>

    <p class='ocr_par' dir='ltr' id='par_1_39' title="bbox 126 3669 1457 3757">
     <span class='ocr_line' id='line_1_40' title="bbox 126 3669 1457 3757; baseline 0 -25"><span class='ocrx_word' id='word_1_347' title='bbox 126 3689 251 3740; x_wconf 86' lang='lat' dir='ltr'><strong>annum,</strong></span> <span class='ocrx_word' id='word_1_348' title='bbox 267 3669 472 3752; x_wconf 89' lang='lat' dir='ltr'><strong>quamcitius</strong></span> <span class='ocrx_word' id='word_1_349' title='bbox 491 3682 600 3754; x_wconf 85' lang='lat' dir='ltr'><strong>potest,</strong></span> <span class='ocrx_word' id='word_1_350' title='bbox 618 3672 676 3734; x_wconf 88' lang='lat' dir='ltr'><strong>sub</strong></span> <span class='ocrx_word' id='word_1_351' title='bbox 689 3671 787 3756; x_wconf 89' lang='lat' dir='ltr'><strong>ipsius</strong></span> <span class='ocrx_word' id='word_1_352' title='bbox 802 3671 908 3735; x_wconf 91' lang='lat' dir='ltr'><strong>debito</strong></span> <span class='ocrx_word' id='word_1_353' title='bbox 927 3669 1108 3757; x_wconf 84' lang='lat' dir='ltr'><strong>juramenti.</strong></span> <span class='ocrx_word' id='word_1_354' title='bbox 1152 3669 1189 3735; x_wconf 84' lang='lat' dir='ltr'><strong>si</strong></span> <span class='ocrx_word' id='word_1_355' title='bbox 1204 3690 1276 3733; x_wconf 88' lang='lat' dir='ltr'><strong>vero</strong></span> <span class='ocrx_word' id='word_1_356' title='bbox 1287 3683 1418 3732; x_wconf 66' lang='lat' dir='ltr'><strong>concitare</strong></span> <span class='ocrx_word' id='word_1_357' title='bbox 1429 3686 1457 3733; x_wconf 83' lang='lat' dir='ltr'><strong>ot</strong></span> 
     </span>
    </p>

    <p class='ocr_par' dir='ltr' id='par_1_40' title="bbox 126 3748 1489 3844">
     <span class='ocr_line' id='line_1_41' title="bbox 126 3748 1489 3844; baseline 0.003 -28"><span class='ocrx_word' id='word_1_358' title='bbox 126 3753 212 3822; x_wconf 85' lang='lat' dir='ltr'><strong>Socii</strong></span> <span class='ocrx_word' id='word_1_359' title='bbox 226 3755 377 3838; x_wconf 69' lang='lat' dir='ltr'><strong>predicti,</strong></span> <span class='ocrx_word' id='word_1_360' title='bbox 391 3757 477 3840; x_wconf 93' lang='lat' dir='ltr'><strong>quod</strong></span> <span class='ocrx_word' id='word_1_361' title='bbox 491 3758 588 3820; x_wconf 90' lang='lat' dir='ltr'><strong>absit!</strong></span> <span class='ocrx_word' id='word_1_362' title='bbox 611 3757 731 3822; x_wconf 86' lang='lat' dir='ltr'><strong>dictum</strong></span> <span class='ocrx_word' id='word_1_363' title='bbox 755 3757 912 3821; x_wconf 88' lang='lat' dir='ltr'><strong>electionis</strong></span> <span class='ocrx_word' id='word_1_364' title='bbox 937 3756 1069 3820; x_wconf 92' lang='lat' dir='ltr'><strong>modum</strong></span> <span class='ocrx_word' id='word_1_365' title='bbox 1093 3766 1124 3820; x_wconf 90' lang='lat' dir='ltr'><strong>et</strong></span> <span class='ocrx_word' id='word_1_366' title='bbox 1141 3748 1489 3844; x_wconf 64' lang='lat' dir='ltr'><strong>fomamrigntotelecston</strong></span> 
     </span>
    </p>

    <p class='ocr_par' dir='ltr' id='par_1_41' title="bbox 126 3811 1489 3928">
     <span class='ocr_line' id='line_1_42' title="bbox 126 3811 1489 3928; baseline 0 -24"><span class='ocrx_word' id='word_1_367' title='bbox 126 3841 206 3904; x_wconf 85' lang='lat' dir='ltr'><strong>inira</strong></span> <span class='ocrx_word' id='word_1_368' title='bbox 220 3843 368 3926; x_wconf 83' lang='lat' dir='ltr'><strong>praedicta</strong></span> <span class='ocrx_word' id='word_1_369' title='bbox 383 3854 524 3928; x_wconf 89' lang='lat' dir='ltr'><strong>tempora</strong></span> <span class='ocrx_word' id='word_1_370' title='bbox 549 3864 609 3906; x_wconf 92' lang='lat' dir='ltr'><strong>non</strong></span> <span class='ocrx_word' id='word_1_371' title='bbox 634 3844 832 3919; x_wconf 87' lang='lat' dir='ltr'><strong>servaverint,</strong></span> <span class='ocrx_word' id='word_1_372' title='bbox 848 3853 901 3906; x_wconf 87' lang='lat' dir='ltr'><strong>ant</strong></span> <span class='ocrx_word' id='word_1_373' title='bbox 925 3842 1008 3906; x_wconf 88' lang='lat' dir='ltr'><strong>infra</strong></span> <span class='ocrx_word' id='word_1_374' title='bbox 1030 3842 1156 3928; x_wconf 81' lang='lat' dir='ltr'><strong>triginta</strong></span> <span class='ocrx_word' id='word_1_375' title='bbox 1170 3842 1240 3906; x_wconf 89' lang='lat' dir='ltr'><strong>dies</strong></span> <span class='ocrx_word' id='word_1_376' title='bbox 1256 3864 1276 3904; x_wconf 88' lang='lat' dir='ltr'><strong>a</strong></span> <span class='ocrx_word' id='word_1_377' title='bbox 1286 3811 1489 3926; x_wconf 52' lang='lat' dir='ltr'><strong>Bffdlfflfflion</strong></span> 
     </span>
    </p>

    <p class='ocr_par' dir='ltr' id='par_1_42' title="bbox 125 3928 1490 4013">
     <span class='ocr_line' id='line_1_43' title="bbox 125 3928 1490 4013; baseline 0.001 -24"><span class='ocrx_word' id='word_1_378' title='bbox 125 3937 267 4011; x_wconf 88' lang='lat' dir='ltr'><strong>tempore</strong></span> <span class='ocrx_word' id='word_1_379' title='bbox 281 3928 499 4013; x_wconf 87' lang='lat' dir='ltr'><strong>publicationis</strong></span> <span class='ocrx_word' id='word_1_380' title='bbox 514 3929 668 3994; x_wconf 84' lang='lat' dir='ltr'><strong>electionis</strong></span> <span class='ocrx_word' id='word_1_381' title='bbox 682 3931 744 3993; x_wconf 88' lang='lat' dir='ltr'><strong>sive</strong></span> <span class='ocrx_word' id='word_1_382' title='bbox 761 3929 994 4005; x_wconf 88' lang='lat' dir='ltr'><strong>nominationis,</strong></span> <span class='ocrx_word' id='word_1_383' title='bbox 1008 3941 1042 3991; x_wconf 93' lang='lat' dir='ltr'><strong>ut</strong></span> <span class='ocrx_word' id='word_1_384' title='bbox 1065 3929 1274 4013; x_wconf 81' lang='lat' dir='ltr'><strong>praemittitur,</strong></span> <span class='ocrx_word' id='word_1_385' title='bbox 1286 3941 1319 4003; x_wconf 80' lang='lat' dir='ltr'><strong>by</strong></span> <span class='ocrx_word' id='word_1_386' title='bbox 1330 3941 1369 3990; x_wconf 78' lang='lat' dir='ltr'><strong>the</strong></span> <span class='ocrx_word' id='word_1_387' title='bbox 1382 3941 1465 4011; x_wconf 62' lang='lat' dir='ltr'><strong>streh-¹</strong></span> <span class='ocrx_word' id='word_1_388' title='bbox 1484 3991 1490 4012; x_wconf 36' lang='grc' dir='ltr'><strong><em>ι</em></strong></span> 
     </span>
    </p>

    <p class='ocr_par' dir='ltr' id='par_1_43' title="bbox 126 4005 1378 4100">
     <span class='ocr_line' id='line_1_44' title="bbox 126 4005 1378 4100; baseline 0.002 -24"><span class='ocrx_word' id='word_1_389' title='bbox 126 4013 156 4077; x_wconf 93' lang='lat' dir='ltr'><strong>in</strong></span> <span class='ocrx_word' id='word_1_390' title='bbox 179 4012 324 4100; x_wconf 83' lang='lat' dir='ltr'><strong>Collegio</strong></span> <span class='ocrx_word' id='word_1_391' title='bbox 351 4015 512 4090; x_wconf 74' lang='lat' dir='ltr'><strong>faciendae,</strong></span> <span class='ocrx_word' id='word_1_392' title='bbox 538 4015 724 4080; x_wconf 89' lang='lat' dir='ltr'><strong>electionem</strong></span> <span class='ocrx_word' id='word_1_393' title='bbox 752 4017 815 4079; x_wconf 91' lang='lat' dir='ltr'><strong>sive</strong></span> <span class='ocrx_word' id='word_1_394' title='bbox 841 4015 1086 4079; x_wconf 89' lang='lat' dir='ltr'><strong>nominationem</strong></span> <span class='ocrx_word' id='word_1_395' title='bbox 1110 4016 1276 4100; x_wconf 80' lang='lat' dir='ltr'><strong>praedictas</strong></span> <span class='ocrx_word' id='word_1_396' title='bbox 1286 4005 1378 4072; x_wconf 77' lang='lat' dir='ltr'><strong>buhop.</strong></span> 
     </span>
    </p>

    <p class='ocr_par' dir='ltr' id='par_1_44' title="bbox 127 4101 1276 4188">
     <span class='ocr_line' id='line_1_45' title="bbox 127 4101 1276 4188; baseline 0.003 -27"><span class='ocrx_word' id='word_1_397' title='bbox 127 4105 188 4162; x_wconf 87' lang='lat' dir='ltr'><strong>uo&#39;n</strong></span> <span class='ocrx_word' id='word_1_398' title='bbox 201 4104 458 4184; x_wconf 70' lang='lat' dir='ltr'><strong>praesentaverint,</strong></span> <span class='ocrx_word' id='word_1_399' title='bbox 475 4115 587 4168; x_wconf 87' lang='lat' dir='ltr'><strong>extunc</strong></span> <span class='ocrx_word' id='word_1_400' title='bbox 601 4113 752 4188; x_wconf 87' lang='lat' dir='ltr'><strong>potestate</strong></span> <span class='ocrx_word' id='word_1_401' title='bbox 776 4102 957 4165; x_wconf 90' lang='lat' dir='ltr'><strong>nominandi</strong></span> <span class='ocrx_word' id='word_1_402' title='bbox 977 4102 1041 4165; x_wconf 84' lang='lat' dir='ltr'><strong>sive</strong></span> <span class='ocrx_word' id='word_1_403' title='bbox 1060 4101 1194 4188; x_wconf 85' lang='lat' dir='ltr'><strong>eligendi</strong></span> <span class='ocrx_word' id='word_1_404' title='bbox 1217 4101 1276 4165; x_wconf 90' lang='lat' dir='ltr'><strong>illa</strong></span> 
     </span>
    </p>

    <p class='ocr_par' dir='ltr' id='par_1_45' title="bbox 126 4186 1276 4274">
     <span class='ocr_line' id='line_1_46' title="bbox 126 4186 1276 4274; baseline 0.003 -27"><span class='ocrx_word' id='word_1_405' title='bbox 126 4187 192 4248; x_wconf 85' lang='lat' dir='ltr'><strong>vice</strong></span> <span class='ocrx_word' id='word_1_406' title='bbox 214 4186 301 4270; x_wconf 87' lang='lat' dir='ltr'><strong>ipsos</strong></span> <span class='ocrx_word' id='word_1_407' title='bbox 328 4188 490 4252; x_wconf 86' lang='lat' dir='ltr'><strong>statuimus</strong></span> <span class='ocrx_word' id='word_1_408' title='bbox 516 4190 579 4254; x_wconf 87' lang='lat' dir='ltr'><strong>fore</strong></span> <span class='ocrx_word' id='word_1_409' title='bbox 607 4190 751 4274; x_wconf 87' lang='lat' dir='ltr'><strong>privatos,</strong></span> <span class='ocrx_word' id='word_1_410' title='bbox 781 4190 851 4273; x_wconf 90' lang='lat' dir='ltr'><strong>ipso</strong></span> <span class='ocrx_word' id='word_1_411' title='bbox 876 4189 966 4268; x_wconf 84' lang='lat' dir='ltr'><strong>lacto,</strong></span> <span class='ocrx_word' id='word_1_412' title='bbox 988 4190 1152 4272; x_wconf 83' lang='lat' dir='ltr'><strong>praesentis</strong></span> <span class='ocrx_word' id='word_1_413' title='bbox 1179 4188 1276 4251; x_wconf 91' lang='lat' dir='ltr'><strong>nostri</strong></span> 
     </span>
    </p>

    <p class='ocr_par' dir='ltr' id='par_1_46' title="bbox 125 4272 1276 4360">
     <span class='ocr_line' id='line_1_47' title="bbox 125 4272 1276 4360; baseline 0.003 -27"><span class='ocrx_word' id='word_1_414' title='bbox 125 4272 231 4336; x_wconf 91' lang='lat' dir='ltr'><strong>statuti</strong></span> <span class='ocrx_word' id='word_1_415' title='bbox 243 4273 350 4359; x_wconf 85' lang='lat' dir='ltr'><strong>vigore</strong></span> <span class='ocrx_word' id='word_1_416' title='bbox 358 4299 368 4353; x_wconf 89' lang='lat'>;</span> <span class='ocrx_word' id='word_1_417' title='bbox 392 4285 576 4359; x_wconf 89' lang='lat' dir='ltr'><strong>potestatem</strong></span> <span class='ocrx_word' id='word_1_418' title='bbox 592 4275 772 4359; x_wconf 89' lang='lat' dir='ltr'><strong>providendi</strong></span> <span class='ocrx_word' id='word_1_419' title='bbox 786 4277 916 4359; x_wconf 81' lang='lat' dir='ltr'><strong>praefato</strong></span> <span class='ocrx_word' id='word_1_420' title='bbox 932 4273 1073 4360; x_wconf 86' lang='lat' dir='ltr'><strong>Collegio</strong></span> <span class='ocrx_word' id='word_1_421' title='bbox 1087 4275 1126 4337; x_wconf 94' lang='lat' dir='ltr'><strong>de</strong></span> <span class='ocrx_word' id='word_1_422' title='bbox 1138 4274 1276 4338; x_wconf 87' lang='lat' dir='ltr'><strong>Custode</strong></span> 
     </span>
    </p>

    <p class='ocr_par' dir='ltr' id='par_1_47' title="bbox 126 4356 1275 4447">
     <span class='ocr_line' id='line_1_48' title="bbox 126 4356 1275 4447; baseline 0.002 -27"><span class='ocrx_word' id='word_1_423' title='bbox 126 4356 234 4420; x_wconf 92' lang='lat' dir='ltr'><strong>idoneo</strong></span> <span class='ocrx_word' id='word_1_424' title='bbox 259 4358 316 4421; x_wconf 87' lang='lat' dir='ltr'><strong>illa</strong></span> <span class='ocrx_word' id='word_1_425' title='bbox 340 4362 404 4424; x_wconf 88' lang='lat' dir='ltr'><strong>rice</strong></span> <span class='ocrx_word' id='word_1_426' title='bbox 426 4363 552 4426; x_wconf 92' lang='lat' dir='ltr'><strong>dornino</strong></span> <span class='ocrx_word' id='word_1_427' title='bbox 567 4361 811 4447; x_wconf 88' lang='lat' dir='ltr'><strong>Archiepisoopo</strong></span> <span class='ocrx_word' id='word_1_428' title='bbox 835 4373 898 4435; x_wconf 87' lang='lat' dir='ltr'><strong>aut,</strong></span> <span class='ocrx_word' id='word_1_429' title='bbox 923 4362 994 4424; x_wconf 89' lang='lat' dir='ltr'><strong>sede</strong></span> <span class='ocrx_word' id='word_1_430' title='bbox 1014 4373 1149 4442; x_wconf 90' lang='lat' dir='ltr'><strong>vacante,</strong></span> <span class='ocrx_word' id='word_1_431' title='bbox 1173 4360 1275 4424; x_wconf 93' lang='lat' dir='ltr'><strong>Priori</strong></span> 
     </span>
    </p>
   </div>
   <div class='ocr_carea' id='block_1_3' title="bbox 125 4444 1352 4547">
    <p class='ocr_par' dir='ltr' id='par_1_48' title="bbox 125 4444 1352 4547">
     <span class='ocr_line' id='line_1_49' title="bbox 125 4444 1352 4547; baseline 0.002 -38"><span class='ocrx_word' id='word_1_432' title='bbox 125 4444 261 4511; x_wconf 87' lang='lat' dir='ltr'><strong>ccclesiae</strong></span> <span class='ocrx_word' id='word_1_433' title='bbox 276 4446 397 4512; x_wconf 85' lang='lat' dir='ltr'><strong>Christi</strong></span> <span class='ocrx_word' id='word_1_434' title='bbox 412 4447 659 4522; x_wconf 71' lang='lat' dir='ltr'><strong>cantuariensis,</strong></span> <span class='ocrx_word' id='word_1_435' title='bbox 675 4448 733 4534; x_wconf 92' lang='lat' dir='ltr'><strong>qui</strong></span> <span class='ocrx_word' id='word_1_436' title='bbox 749 4469 805 4537; x_wconf 93' lang='lat' dir='ltr'><strong>pro</strong></span> <span class='ocrx_word' id='word_1_437' title='bbox 820 4460 959 4535; x_wconf 87' lang='lat' dir='ltr'><strong>ternpore</strong></span> <span class='ocrx_word' id='word_1_438' title='bbox 978 4448 1083 4524; x_wconf 84' lang='lat' dir='ltr'><strong>luerit,</strong></span> <span class='ocrx_word' id='word_1_439' title='bbox 1099 4446 1276 4534; x_wconf 90' lang='lat' dir='ltr'><strong>specialiter</strong></span> <span class='ocrx_word' id='word_1_440' title='bbox 1349 4541 1352 4547; x_wconf 88' lang='lat'>.</span> 
     </span>
    </p>
   </div>
   <div class='ocr_carea' id='block_1_4' title="bbox 0 0 1524 4898">
    <p class='ocr_par' dir='ltr' id='par_1_49' title="bbox 0 0 1524 4898">
     <span class='ocr_line' id='line_1_50' title="bbox 0 0 1524 4898; baseline 0 0"><span class='ocrx_word' id='word_1_441' title='bbox 0 0 1524 4898; x_wconf 95' lang='lat' dir='ltr'><strong> </strong></span> 
     </span>
    </p>
   </div>
  </div>
 </body>
</html>
