3014 4898
194 267 255 334 100
537 267 596 334 All
609 268 702 336 Soals
720 266 846 353 Collegae,
866 266 996 352 Oasord.
1040 342 1043 347 ¹

191 437 269 512 stiti,
279 451 480 523 praesumant.
512 439 731 525 praecipimus,
746 439 853 518 etiam,
862 461 899 502 ac
915 437 1102 501 mandamns
1115 435 1200 521 quod
1210 435 1344 522 posthac

191 545 300 588 omnes
331 526 572 611 disputationes,
604 525 847 610 suppositiones,
876 525 1124 600 declamationes,
1154 522 1289 602 lectuna,
1312 536 1344 586 et

191 611 253 673 alia
278 634 474 697 quaecunque
495 613 642 676 exercitia
663 612 856 684 scholastica,
872 612 923 674 vel
938 613 1059 674 statutis
1073 609 1213 695 collegii
1226 609 1344 673 consti·

190 707 257 760 tnta
280 700 331 762 vel
348 700 425 762 alias
449 700 634 777 introducta,
651 710 681 761 et
704 720 744 760 ex
770 721 829 761 usn
854 711 886 760 et
910 696 1135 761 consuetudine
1158 696 1343 780 approbata,

190 781 298 848 debite
312 785 518 849 observentur
531 797 561 848 et
577 784 743 870 diligenter
764 783 1019 870 perimpleantur.
1065 783 1106 846 Et
1128 783 1154 845 si
1175 781 1341 866 quisquam

191 870 223 932 in
236 870 353 934 eisdem
368 894 493 934 cursum
511 871 558 934 vel
573 871 660 933 vices
676 893 746 933 suas
759 871 791 933 in
807 870 934 956 propria
947 891 1081 954 persona
1102 868 1343 954 (impedimento

191 969 331 1020 cessante
358 957 514 1045 legitimo,
546 979 604 1041 per
630 956 813 1027 Custodem,
844 956 893 1020 vel
924 955 957 1018 in
986 952 1051 1037 ejus
1081 956 1219 1018 absentia
1247 955 1342 1018 Vice-

191 1044 364 1114 custodem,
378 1056 410 1107 at
427 1045 589 1107 Decanum
605 1042 763 1106 facultatis
778 1065 852 1115 snae,
866 1041 1080 1127 approbando)
1091 1040 1241 1119 omiserit,
1256 1063 1342 1104 com·

192 1129 307 1191 muniis
333 1131 397 1193 suis
419 1152 475 1214 pro
499 1129 602 1215 prima
623 1129 692 1193 vice
714 1152 771 1214 per
794 1132 995 1213 septimanam
1010 1141 1123 1200 careat,
1138 1139 1169 1190 et
1185 1127 1214 1190 si
1228 1127 1342 1190 iterum

192 1215 242 1276 vel
267 1216 382 1300 saepius
406 1217 589 1300 peccaverit,
614 1215 717 1278 acrius
742 1227 773 1278 et
796 1216 899 1278 acrius
918 1212 1045 1296 judicio
1068 1212 1237 1276 eomndem
1252 1215 1342 1296 puni·

191 1312 269 1363 atur.
323 1301 523 1366 Prohibentes
548 1324 692 1386 expresse
718 1324 757 1365 ne
781 1301 933 1385 cuiquam
956 1299 1087 1385 posthac
1102 1299 1204 1373 liceat,
1220 1311 1345 1383 propter

191 1408 407 1471 quamcunque
423 1384 646 1475 impedimenti
661 1387 919 1472 approbationem
934 1385 984 1448 vel
1004 1386 1151 1449 absentiae
1168 1384 1342 1465 licentiam,

190 1495 262 1535 suas
288 1473 373 1536 vices
397 1473 431 1536 in
458 1473 619 1538 exercitiis
644 1473 840 1536 scholasticis
862 1474 909 1537 sic
938 1472 1081 1536 omittere
1111 1483 1146 1534 nt
1175 1471 1273 1535 alium
1301 1472 1341 1534 ad

98 1601 105 1615 .
190 1559 299 1621 eadem
330 1561 481 1623 exercitia
509 1582 565 1623 suo
602 1561 728 1623 nomine
757 1562 933 1646 peragenda
962 1580 1024 1621 non
1053 1558 1229 1621 substituat.
1287 1557 1343 1623 Sic

192 1644 322 1729 insuper
347 1647 522 1711 inhibentes
543 1669 583 1710 ne
608 1646 756 1710 exercitia
778 1648 929 1733 praedicta
951 1645 1120 1729 quisquam
1145 1646 1276 1729 posthac
1303 1667 1343 1708 ex

190 1731 316 1817 scriptis
330 1733 421 1818 legat.

238 1819 288 1882 10.
314 1818 403 1897 Item,
420 1817 612 1904 injungimus
624 1829 654 1880 et
671 1818 802 1882 firmiter
815 1816 1029 1903 praecipiendo
1044 1816 1242 1896 mandamus,
1257 1817 1342 1901 quod

192 1901 336 1965 Bursarii
361 1905 437 1967 dicti
463 1904 615 1989 collegii,
634 1902 725 1986 juxta
734 1902 950 1986 juramentum
966 1918 1106 1986 tempore
1121 1903 1343 1987 assumptionis

188 1989 365 2051 officiorum
391 2013 520 2052 snorum
546 1990 737 2075 praestitnm,
761 1989 927 2075 diligenter
950 2002 980 2052 et
1005 1989 1111 2052 sedulo
1136 2012 1174 2050 ea
1189 1989 1343 2053 curabunt

189 2086 219 2137 et
245 2087 438 2159 exequentur
462 2100 533 2172 qnae
557 2078 597 2138 ad
619 2099 727 2139 eorum
753 2077 887 2141 officium
904 2076 1080 2160 pertinent.
1136 2074 1231 2151 Quod
1255 2077 1282 2138 si
1309 2066 1342 2138 iu

191 2161 300 2245 aliquo
324 2184 444 2240 eorum,
467 2162 593 2244 Jndicio
608 2162 762 2237 Custodia,
781 2163 1000 2225 Vicecustodis
1014 2175 1046 2224 et
1063 2162 1274 2235 Decanorum,
1289 2173 1342 2225 ant

192 2246 317 2331 majoris
339 2249 435 2331 partis
458 2249 637 2327 eomudem,
660 2248 830 2334 culpabiles
852 2249 962 2332 reperti
979 2247 1105 2325 suerint,
1121 2258 1163 2316 et,
1180 2248 1220 2311 de
1240 2245 1341 2334 negli-

192 2334 300 2414 gentia
325 2358 382 2397 sua
406 2359 461 2421 per
484 2335 653 2399 Custodem
682 2335 849 2414 admoniti,
863 2358 897 2398 se
923 2333 1127 2398 effectualiter
1137 2331 1261 2415 jndicio
1276 2357 1341 2396 ma-

186 2417 267 2498 joris
292 2421 392 2504 partis
415 2423 583 2486 eorundem
606 2444 666 2484 non
686 2422 887 2501 correxerint,
903 2434 977 2485 tunc
994 2418 1113 2483 Custos
1128 2418 1152 2505 (.
1170 2470 1177 2484 .
1194 2468 1201 2482 .
1218 2468 1225 2485 .
1244 2420 1286 2482 iis
1300 2423 1341 2483 tle

189 2527 325 2587 quorum
338 2508 451 2569 delicto
463 2508 621 2591 queritur)
633 2520 783 2571 convocet
795 2509 850 2571 lros
862 2507 919 2590 qni
929 2506 1080 2592 suffragia
1091 2507 1206 2568 habent
1218 2506 1253 2569 in
1262 2506 1341 2570 elec·

188 2590 271 2653 tione
290 2591 529 2667 Bursariorum;
554 2605 584 2655 et
601 2594 626 2653 si
642 2591 750 2674 majori
770 2593 849 2675 parti
872 2593 1041 2654 eorundem
1062 2592 1106 2654 ita
1122 2592 1224 2654 visum
1240 2592 1340 2665 suerit,

190 2676 357 2738 Bursarios
384 2677 431 2738 sic
456 2677 678 2759 delinquentes,
701 2690 850 2759 tanquam
875 2677 1109 2740 intolerabiliter
1133 2679 1338 2763 negligentes,

188 2761 303 2824 officiis
326 2761 393 2824 suis
409 2761 547 2846 privatos
567 2763 746 2846 pronuntiet
768 2778 797 2823 et
817 2763 972 2834 decernat,
995 2786 1032 2825 ac
1059 2762 1172 2826 exinde
1196 2766 1236 2828 ad
1257 2765 1340 2828 elec-

188 2847 306 2910 tionem
322 2869 476 2911 novorum
492 2847 718 2928 Bursariomm‚
741 2848 833 2910 unius
854 2849 921 2911 sive
942 2850 1092 2932 plurium,
1102 2847 1195 2932 juxta
1209 2853 1340 2915 formam

189 2944 374 2995 statutorum
400 2935 598 3017 procedatur.
655 2935 863 3017 Eundemque
887 2935 933 2998 sic
958 2936 1117 3020 privatum
1141 2937 1340 3001 decernimus

187 3018 334 3102 deinceps
359 3017 498 3101 ejusdem
514 3020 613 3082 officii
631 3020 663 3083 in
678 3021 761 3085 dicto
781 3020 923 3102 Collegio
944 3022 1135 3106 incapacem.
1183 3022 1242 3098 Ac,
1258 3046 1339 3108 prae·

187 3117 281 3183 terea,
304 3105 382 3188 qnia
405 3106 611 3189 comperimus
633 3128 691 3190 per
712 3105 831 3190 aliquot
855 3129 951 3170 annos
977 3109 1151 3194 praeteritos
1177 3110 1340 3174 Bursarios

187 3190 264 3254 dicti
294 3191 434 3277 Collegii
464 3190 594 3254 illicitas
623 3193 774 3277 quasdam
804 3193 991 3268 exactiones,
1021 3194 1264 3260 antecessoribus
1293 3197 1338 3259 in·

187 3277 320 3358 auditae,
346 3280 486 3362 aliasque
514 3280 684 3342 excessivas
711 3280 978 3360 remunerationes,
1001 3304 1060 3366 pro
1091 3282 1263 3346 scribendis
1291 3283 1337 3345 in-

187 3363 331 3427 denturis
354 3365 574 3428 dimissionum
598 3377 629 3429 et
651 3365 872 3450 acquietantiis
893 3367 1072 3432 reddituum
1090 3391 1127 3430 ac
1148 3369 1337 3432 solutionum

187 3450 345 3531 faciendis,
375 3475 448 3515 cnm
477 3474 593 3538 magno
615 3453 731 3515 damno
753 3461 786 3517 et
811 3453 955 3516 scandalo
983 3452 1121 3536 Collegii
1150 3454 1337 3535 exercuisse,

187 3539 383 3600 statuendum
413 3537 534 3600 idcirco
564 3539 724 3612 duximus,
755 3550 847 3623 prout
884 3562 941 3623 per
974 3551 1140 3623 praesentes
1170 3543 1337 3604 statuimus

185 3632 218 3683 et
246 3624 437 3692 ordinamus,
465 3623 551 3707 qnod
576 3623 838 3688 remunerationes
868 3647 924 3709 pro
951 3623 1080 3712 singulis
1103 3627 1338 3691 dimissionibus

186 3707 347 3772 firmarum
373 3708 551 3772 scribendis
572 3733 634 3773 non
657 3710 810 3773 excedant
834 3710 988 3775 tredecim
1012 3710 1127 3774 solidos
1150 3724 1181 3776 et
1204 3727 1336 3796 quatuor

185 3790 338 3866 denarios,
353 3817 410 3857 nec
425 3817 480 3879 pro
494 3797 627 3881 singulis
651 3795 895 3880 acquientantiis
910 3798 993 3860 ultra
1007 3797 1174 3859 duodecim
1190 3795 1335 3859 denarios

183 3877 261 3940 dicti
279 3879 421 3943 Bursarii
442 3881 509 3945 ullo
526 3884 621 3948 modo
635 3895 778 3959 srrmant3
802 3884 1069 3945 contrafacientes
1088 3903 1144 3965 per·
1160 3879 1334 3944 Custodem

182 3975 214 4026 et
231 3964 387 4044 Decanos,
397 3964 490 4048 juxta
505 3990 685 4031 mensuram
700 3968 813 4040 delicti,
829 3969 932 4053 puniri
948 3967 1101 4031 columns.

231 4049 280 4112 ll.
309 4051 357 4121 Et,
384 4053 459 4134 quia
486 4053 519 4116 in
541 4065 659 4117 statuto
684 4054 722 4116 de
745 4055 966 4117 Bursariorum
989 4051 1145 4125 electione,
1169 4060 1198 4112 et
1225 4072 1333 4114 eorum

183 4136 286 4198 officio
300 4147 328 4200 et
338 4134 527 4218 juramento,
544 4141 622 4203 inter
636 4150 748 4202 caetera
762 4138 947 4224 praecipitur
960 4149 990 4201 et
1005 4135 1180 4210 mandatur,
1196 4158 1235 4198 ne
1250 4138 1333 4201 Bur·

183 4223 256 4284 sarii
283 4222 323 4293 de
345 4220 515 4304 majoribus
540 4225 671 4312 negotiis
696 4224 771 4287 dicti
796 4223 940 4303 Collegii,
955 4237 1008 4284 aut
1030 4221 1100 4283 aliis
1115 4222 1333 4303 solutionibus,

181 4308 269 4370 misis
294 4322 325 4371 et
348 4310 500 4392 expensis,
527 4311 611 4374 circa
633 4308 812 4392 hujusmodi
837 4306 957 4390 majora
980 4308 1103 4394 negotia
1127 4308 1285 4384 iaciendis,
1301 4333 1334 4374 se

180 4393 416 4477 quomodolibet
430 4395 645 4476 intromittant,
660 4397 725 4458 sine
750 4394 933 4458 discretione
957 4405 987 4457 et
1012 4416 1162 4459 consensu
1180 4395 1333 4462 Custodis

180 4479 249 4544 sire
264 4478 499 4564 Vicecustodis,
513 4480 651 4551 Custode
663 4479 800 4558 mbo,
819 4480 1030 4558 Decanorum‚
1044 4494 1075 4546 et
1090 4480 1221 4566 majoris·
1231 4485 1333 4570 partis
