3014 4898
469 294 472 297 ’
497 280 741 363 Irp'uactionrof
759 281 912 347 Va'n'tors„
1231 283 1276 347 99

115 449 332 525 riantur,‘nisi
361 449 440 511 infra
467 449 646 532 quindecim
671 451 740 516 dies
767 450 911 535 proxime
940 461 1100 534 sequentes
1130 452 1273 517 debitum

20 552 21 555 ’
117 536 278 609 solverint,
302 551 377 598 tunc
401 536 591 600 communiis
613 537 680 601 suis
700 539 851 601 carebunt
874 537 947 621 ipso
961 537 1054 616 facto,
1077 540 1180 622 quoad
1196 540 1273 605 Col·

115 623 202 710 legio
217 622 343 694 realiter
357 620 572 686 satisfecerint.
659 659 661 663 .

161 710 191 775 7.
216 708 307 788 Item,
319 727 380 792 quo
395 707 519 771 felicius
534 722 563 772 et
576 709 689 773 melius
701 709 881 787 Collegium
897 709 1085 793 praedictum
1100 722 1228 794 regatur
1241 722 1273 775 et

116 795 316 880 gubernetur,
330 793 514 857 ordinamus
527 806 555 858 et
567 795 712 859 volumus
722 797 815 880 quod,
826 811 899 880 post
914 797 1022 857 harum
1039 796 1271 882 injunctionum

115 881 408 964 promulgationem,
426 880 541 945 Custos
558 891 588 944 et
605 882 714 966 reliqui
734 881 880 945 officiarii
902 881 1005 968 magis
1019 904 1113 965 quam
1139 883 1273 947 antehac

115 965 150 1028 in
160 967 245 1031 dicto
254 966 398 1051 Collegio
411 968 564 1029 resideant
579 967 750 1053 officiisque
764 968 931 1040 intendant,
947 990 1002 1032 nee
1018 969 1130 1051 quovis
1140 971 1271 1052 quaesito

115 1053 218 1115 colore
233 1054 281 1115 vel
296 1064 449 1137 praetextu
461 1052 618 1138 (licentiis
633 1068 764 1138 propter
779 1054 903 1116 servitia
914 1053 1018 1139 Regia
1028 1054 1144 1117 aliasve.
1159 1079 1271 1119 causas

116 1139 318 1218 necessarias,
343 1140 433 1222 juxta
459 1150 575 1202 statuta
605 1140 744 1226 Collegii
774 1141 980 1223 approbatas,
1005 1140 1162 1223 exceptis)
1186 1143 1271 1205 ultra

115 1223 147 1286 lx
162 1225 232 1287 dies
247 1224 279 1292 in
302 1247 366 1287 uno
389 1246 473 1288 anno
493 1248 525 1289 se
551 1227 722 1291 absentent.
767 1227 861 1300 Quod
881 1226 911 1288 si
933 1225 1102 1309 quisquam
1121 1227 1271 1291 officiari·

113 1331 204 1373 orum
226 1311 260 1372 in
277 1311 335 1373 hac
350 1322 438 1395 parte
453 1311 632 1395 deliquerit,
649 1312 686 1390 si,
703 1312 853 1397 primitus
868 1334 926 1396 per
942 1310 1115 1376 Custodem
1134 1314 1175 1375 ad
1192 1313 1270 1376 resi-

114 1397 254 1460 dentiam
279 1396 454 1460 incertum
478 1398 563 1460 diem
586 1413 723 1468 vocatus,
739 1419 798 1462 non
822 1399 959 1482 paruerit
979 1415 1053 1460 cum
1070 1397 1189 1477 effectu,
1207 1413 1270 1462 sta·

113 1483 234 1545 tuimus
249 1485 333 1567 quod
349 1484 420 1566 ipso
434 1486 514 1547 facto
529 1483 630 1548 officio
644 1507 702 1548 suo
715 1483 869 1568 praedicto
883 1483 1067 1568 deprivatus
1082 1499 1270 1563 censeretur,

115 1589 152 1631 ae
178 1591 235 1652 per
254 1569 340 1631 viam
366 1591 453 1632 novae
477 1569 648 1650 electionis,
674 1573 844 1634 secundum
869 1572 1003 1633 formam
1034 1570 1146 1634 statuti
1175 1570 1208 1633 in
1233 1595 1271 1634 ea
1352 1626 1355 1631 .

115 1668 205 1738 parte
219 1655 309 1735 editi,
321 1655 405 1718 alius
419 1655 455 1716 in'
470 1653 559 1718 illius
572 1656 678 1719 locum
694 1657 741 1720 sic
755 1669 918 1720 vacantem
941 1655 1023 1718 infra
1036 1667 1097 1719 tres
1112 1656 1178 1719 dies
1195 1657 1270 1721 sub·

114 1740 272 1807 stituatur.
321 1741 493 1805 Custodem
509 1764 593 1816 vero,
610 1743 763 1815 similiter,
777 1743 970 1805 cessantibus
980 1742 1085 1804 causis
1097 1743 1269 1826 praedictis,

114 1849 172 1910 per
186 1825 336 1910 majorem
349 1845 472 1924 partem
487 1829 627 1892 omnium
644 1828 812 1892 Sociorum
826 1828 904 1891 dicti
919 1827 1071 1914 Collegii,
1088 1840 1153 1890 tarn
1174 1829 1269 1892 artis·

114 1923 218 1976 tarum
232 1937 330 1999 quam
340 1914 531 1995 Juristarum
547 1928 621 1978 tunc
635 1916 838 1999 praesentium
860 1914 1084 1999 approbandis,
1101 1914 1184 1976 ultra
1199 1915 1269 1978 dies

115 1999 176 2063 sibi
187 2000 275 2063 datos
290 2023 451 2064 concessos
467 2022 522 2083 per
537 2011 699 2077 statutum,
710 2001 894 2088 acollegio,
906 2001 1057 2070 videlicet,
1066 1998 1146 2062 ultra
1157 1999 1190 2065 lx
1201 2000 1269 2064 dies

116 2107 149 2148 se
164 2088 389 2161 absentantem,
405 2087 430 2148 si
445 2085 534 2169 prius
549 2086 590 2172 ab
607 2088 856 2172 Archiepiscopo
878 2110 935 2171 pro
957 2097 1097 2169 tempore
1120 2087 1269 2150 existente

114 2181 161 2234 ter
188 2173 326 2235 monitus
353 2188 400 2235 ter
430 2171 572 2245 resideat,
599 2172 783 2256 privandum
810 2195 875 2235 esse
897 2189 953 2234 suo
977 2170 1091 2250 officio,
1117 2184 1269 2256 tanquam
1354 2172 1358 2180 '

111 2252 280 2336 juramenti
307 2279 327 2318 a
349 2280 381 2320 se
404 2259 541 2340 suscepti
565 2271 705 2342 tempore
726 2259 799 2320 initi
823 2257 921 2321 officii
944 2257 1159 2320 immemorem
1177 2258 1268 2320 etin·

116 2342 319 2405 tolerabiliter
334 2343 554 2428 negligentem,
570 2366 627 2427 per
642 2358 808 2428 praesentes
823 2343 1021 2406 decernimus
1037 2352 1069 2404 et
1078 2343 1269 2409 ordinamus.

117 2427 180 2507 Ac,
203 2430 336 2513 insuper,
360 2453 420 2512 quo
449 2429 597 2491 ellectum
622 2430 760 2493 debitum
784 2428 950 2513 praemissa
966 2429 1142 2498 sortiantur,
1159 2431 1269 2492 statui-

116 2536 188 2576 mus
215 2527 247 2576 et
273 2514 417 2578 volumus
441 2525 487 2584 ut,
516 2537 573 2576 nec
597 2516 731 2578 Custodi
758 2538 814 2580 nec
837 2515 930 2578 alicui
953 2514 1013 2576 alii
1035 2513 1268 2596 officiariorum,

117 2600 289 2680 Sociorum,
306 2600 499 2664 scholarium
514 2600 563 2663 vel
587 2601 811 2672 ministrorum,
827 2602 1010 2684 quicquam,
1032 2599 1158 2662 nomine
1181 2622 1268 2663 com·

117 2689 306 2762 munierum,
322 2709 339 2748 e
354 2687 564 2770 promptuario
587 2687 638 2749 vel
664 2689 798 2771 coquina
821 2687 984 2759 allocetur,
1001 2707 1058 2769 pro
1082 2684 1145 2749 illis
1163 2687 1270 2751 diebus

117 2783 240 2834 tantum
277 2774 392 2856 quibus
429 2772 572 2858 Collegio
608 2773 778 2839 interfuerit
814 2784 845 2836 et
875 2772 997 2836 ibidem
1030 2770 1176 2836 residerit¹
1202 2795 1271 2860 per·

117 2858 274 2930 sonaliter.

162 2945 197 3010 8.1
219 2944 311 3025 Item,
334 2968 419 3023 cum,
443 2961 497 3029 per
522 2956 640 3009 statuta
662 2945 738 3008 dicti
755 2943 906 3030 collegii,
924 2943 1047 3008 Decani
1061 2966 1117 3029 pro
1133 2957 1270 3029 tempore

118 3032 292 3109 existentes,
310 3054 370 3096 non
385 3033 488 3114 solum
503 3031 561 3093 sub
578 3032 712 3096 Custode
729 3054 839 3094 curam
854 3042 884 3094 et
898 3032 1038 3115 regimen
1060 3029 1223 3095 Sociorum
1239 3043 1271 3094 et

119 3116 314 3197 scholarium,
341 3129 492 3202 tanquam
515 3115 582 3199 ejus
606 3115 814 3200 coadjutores,
839 3118 981 3195 habeant,
1009 3116 1064 3179 sed
1087 3117 1182 3178 etiam
1204 3117 1269 3179 sin·

119 3203 202 3287 gulis
215 3203 479 3287 disputationibus
493 3226 513 3264 a
526 3203 681 3288 principio
697 3203 848 3287 usquead
864 3203 955 3265 finem
978 3201 1140 3280 interesse,
1156 3223 1270 3286 easque

120 3310 227 3372 regere
242 3303 274 3351 et
289 3289 455 3366 moderari,
471 3299 653 3365 teneantur3
678 3287 866 3374 injungimus
880 3299 911 3350 et
925 3288 1049 3350 firmiter
1065 3289 1270 3372 praecipiendo

120 3375 369 3452 mandamus-ut,
385 3376 409 3436 si
422 3373 454 3435 id
468 3394 525 3455 per
539 3395 571 3436 se
586 3382 618 3436 et
633 3374 666 3435 in
681 3373 748 3435 suis
763 3375 912 3456 personis,
929 3371 1075 3455 impediti
1088 3375 1207 3453 morbo,
1219 3373 1270 3437 vel

119 3459 238 3521 ratione
262 3459 424 3536 absentiae,
447 3457 497 3521 vel
519 3458 582 3521 alia
602 3456 690 3540 justa
712 3471 741 3521 et
766 3459 937 3542 approbata
961 3479 1066 3528 causa,
1081 3459 1270 3543 perimplere

119 3553 285 3628 nequeant,
312 3567 418 3610 eorum
440 3545 523 3608 vices
545 3567 599 3627 per
623 3545 773 3607 seniorem
799 3542 928 3606 Socium
944 3567 1007 3606 sure
1024 3543 1191 3618 facultatis,
1208 3566 1270 3610 non

119 3630 315 3700 officiarium,
349 3641 380 3693 et
409 3631 495 3694 domi
527 3641 604 3692 tunc
633 3641 829 3715 praesentem,
859 3629 1082 3714 suppleantur3
1114 3629 1182 3714 qui,
1211 3653 1269 3715 pro

121 3729 261 3801 tempore
285 3717 330 3780 sic
356 3718 500 3801 impediti
524 3716 574 3779 vel
597 3717 731 3780 absentis
758 3715 895 3788 Decani,
920 3737 977 3798 pro
999 3715 1140 3794 Decano,
1164 3717 1270 3800 quoad

120 3803 224 3865 omnia
247 3801 315 3884 ejus
340 3825 471 3866 munera
493 3803 697 3889 reputabitur,
715 3813 746 3866 et
769 3801 917 3865 salarium
939 3802 1033 3864 etiem
1049 3813 1081 3864 et
1093 3802 1270 3884 portionem

122 3890 252 3953 Decano
267 3890 374 3952 debita
387 3912 442 3974 per
456 3899 583 3968 statute,
598 3902 737 3974 prorata
752 3888 978 3972 temporisque
992 3887 1129 3952 officium
1144 3886 1205 3953 hoc
1217 3911 1270 3952 ex·

118 3976 251 4058 equitur,
271 3977 401 4040 habebit.

163 4063 195 4125 9.
221 4061 312 4134 ltem,
329 4084 412 4134 cum,
428 4083 467 4124 ex
482 4060 606 4124 statutis
622 4061 701 4123 dicti
718 4060 860 4146 collegii,
876 4080 983 4121 omnes
1005 4068 1035 4121 et
1052 4060 1167 4144 singuli
1187 4058 1270 4124 Socii

120 4157 149 4209 et
172 4148 332 4211 scholares
355 4147 563 4233 astringantur
582 4147 786 4210 facultatibus
800 4158 830 4209 et
846 4145 984 4208 scientiis
999 4146 1111 4228 quibus
1125 4145 1270 4229 deputati

121 4245 195 4294 sunt
207 4231 326 4319 jugiter
340 4235 501 4310 intendere,
518 4232 714 4317 injungimus
729 4244 759 4295 et
777 4233 903 4295 firmiter
923 4229 1115 4316 injungendo
1138 4231 1271 4295 manda·

121 4340 191 4378 mus
203 4341 240 4380 ne
254 4320 381 4404 posthac
399 4319 484 4384 Socii
499 4331 530 4382 et
544 4319 700 4383 scholares
715 4319 793 4383 dieti
808 4317 957 4418 Collegii,
971 4317 1125 4400 quamdiu
1140 4316 1273 4391 indicto

121 4403 267 4488 Collegio
281 4407 517 4489 permanserint,
534 4408 566 4468 in
581 4405 649 4469 aliis
664 4405 799 4468 scientiis
811 4428 907 4489 quam
923 4426 958 4466 1n
973 4404 1014 4466 iis
1029 4404 1069 4466 ad
1081 4424 1159 4486 quas

121 4489 315 4554 tatifuerint
336 4494 453 4577 gradus
468 4493 634 4578 suscipere,
649 4493 707 4555 sub
723 4492 829 4557 debito
839 4490 1013 4574 juramenti
1029 4394 1339 4637 ⁰⁰⁰⁰{i0iw

664 4578 724 4662 (7.)
1075 4595 1097 4640 a
