3014 4898
246 249 290 313 36
453 253 456 260 '
496 249 633 315 &muta
647 250 685 334 of
697 249 753 313 All
768 248 861 316 Souls
876 246 1003 333 Collega,
1025 246 1154 333 Oqford.

247 421 481 505 disputationes,
505 431 535 483 et
557 421 623 483 alia
641 421 763 507 negotia
778 418 878 482 ardua
892 417 1075 504 Collegium
1094 417 1264 501 tangentia,
1288 415 1415 478 imme-

35 513 120 588 vireta
133 509 238 594 mensu
249 509 334 570 diate
350 520 417 592 post
434 508 465 569 in
481 507 555 569 aula
568 506 701 570 debeant
723 506 928 590 pertractari3
953 515 1008 567 aut
1032 505 1089 566 nisi
1111 504 1248 590 quaudo,
1274 503 1316 564 ob
1342 500 1414 565 Dei

36 578 450 657 ⁰³⁸³¹¹l¹⁰⁸t¹aeverentiam
466 617 503 658 ac
518 594 589 655 Suae
613 592 740 671 Matris,
766 592 814 655 vel
833 591 957 655 alterius
979 591 1099 661 Sancti,
1123 592 1185 652 sive
1208 588 1415 652 solennitatis

249 681 397 763 cujuscnn
421 703 471 752 ue,
486 678 629 764 tempore
653 679 792 751 hiemali,
816 679 899 764 ignis
922 678 952 741 in
974 676 1047 741 aula
1064 675 1166 740 Sociis
1185 675 1413 751 ministratum

251 779 325 832 tunc
341 703 532 831 schblaribus
547 780 576 828 et
594 765 701 844 Sociis,
713 777 781 849 post
796 779 923 848 tempus
936 764 1056 848 prandii
1070 777 1121 825 aut
1139 783 1247 835 coenae,
1264 761 1413 836 liceatur,

251 854 350 938 gratia
365 852 574 931 recreationis,
589 851 619 913 in
639 851 721 928 aula,
738 852 768 913 in
791 849 953 914 cantilenis
971 861 1002 912 et
1022 848 1094 911 aliis
1118 847 1234 912 solatiis
1255 847 1412 924 honestis,

253 960 374 1003 moram
390 940 489 1001 iacere
504 939 737 1007 condecentem,
753 951 781 999 et
802 947 961 1018 poemata,
985 957 1153 1020 regnorum
1176 933 1352 1006 chronicas,
1378 944 1412 996 et

253 1026 358 1088 mundi
376 1023 469 1108 hujus
485 1022 649 1097 mirabilia,
665 1047 701 1088 ac
722 1035 832 1086 caetera
856 1021 1030 1086 clericalem
1055 1035 1171 1086 statum
1194 1019 1413 1098 condecentia,

252 1111 396 1189 seriosius
411 1121 609 1196 pertractare.

254 1259 334 1343 Cap.
354 1258 446 1320 la·-
455 1260 502 1322 De
521 1259 672 1322 extremis
694 1281 753 1322 non
770 1259 995 1322 introducendis
1010 1259 1044 1320 in
1058 1257 1163 1321 aulam
1178 1256 1225 1319 vel
1243 1254 1414 1341 Collegium

687 1346 731 1408 ad
743 1366 818 1409 onus
832 1346 972 1430 ejusdem.

42 1449 207 1560 ¹2ff⁰¹l¹¹⁰l¹tt
300 1457 395 1536 Item,
425 1455 603 1534 statuimus,
629 1455 809 1518 ordinamus
835 1468 866 1518 et
892 1454 1045 1524 volumus,
1071 1452 1155 1536 quod
1170 1450 1274 1515 nullus
1288 1449 1411 1514 schola·

41 1529 160 1640 ξυιῗξῖ
170 1522 219 1562 ¹⁰¹⁰
256 1544 338 1607 rium
353 1558 403 1606 aut
422 1543 588 1606 Sociorum
604 1542 824 1624 praedictorum
841 1555 993 1626 parentes,
1009 1541 1130 1619 fratres,
1153 1539 1410 1623 consanguineos,

249 1643 345 1706 ⁴notos
360 1630 406 1693 vel
422 1642 592 1702 extraneos,
613 1641 666 1690 aut
690 1631 890 1712 propinquos,
917 1649 1013 1690 unum
1040 1625 1088 1687 rel
1110 1624 1225 1709 plures,
1248 1626 1279 1685 in
1305 1625 1411 1707 ipsum

255 1716 434 1802 Collegium
450 1715 680 1792 introducendo,
697 1716 844 1797 cuiquam
862 1714 1024 1776 Sociorum
1040 1725 1093 1774 aut
1115 1710 1305 1774 scholarium
1330 1731 1411 1793 prae·

256 1804 413 1865 dictorum
430 1803 587 1884 proiectus
603 1800 696 1861 studii
711 1801 880 1863 scholastici
899 1809 1021 1882 praestet
1037 1798 1307 1881 impedimentum,
1330 1818 1411 1882 pree·

251 1886 405 1970 judicium
429 1887 476 1949 vel
501 1887 674 1959 damnum3
698 1886 749 1949 vel
775 1888 812 1949 sit
833 1885 956 1948 aliunde
981 1885 1129 1962 societati,
1153 1881 1346 1946 scholaribus
1362 1881 1413 1946 vel

256 1972 363 2050 Sociis,
383 1995 544 2048 onerosus,
571 1970 791 2056 praejudicialis
815 1974 908 2034 etiam
935 1971 984 2034 vel
1010 1971 1185 2033 damnosus.
1230 1969 1274 2041 Si,
1295 1977 1411 2038 tamen,

257 2058 390 2143 alicujus
418 2058 581 2121 Sociorum
611 2058 658 2120 vel
688 2058 878 2121 scholarium
905 2057 1124 2141 praedictorum
1152 2077 1274 2140 parens,
1305 2053 1412 2134 frater,

255 2167 359 2230 nepos,
372 2146 615 2231 consanguineus
629 2144 678 2207 vel
695 2144 823 2220 amicus
847 2145 889 2207 ad
913 2166 1021 2206 eorum
1045 2142 1183 2226 aliquem
1209 2141 1332 2210 venerit,
1358 2162 1413 2223 per

256 2254 391 2317 praeseus
416 2244 556 2294 nostrum
581 2241 732 2293 statutum
760 2252 821 2294 non
846 2228 1033 2293 intendimus
1061 2227 1235 2311 prohibere,
1260 2228 1335 2311 quin
1361 2248 1411 2294 ve,-

256 2319 391 2381 uientem
405 2319 445 2381 ad
458 2341 501 2395 se,
513 2317 551 2379 de
562 2317 711 2380 Custodis
722 2317 783 2380 sive
794 2319 824 2378 in
837 2316 904 2400 ejus
913 2315 1051 2378 absentia
1060 2313 1276 2377 Vicecustodis
1286 2312 1412 2376 licentia

256 2414 289 2467 et
303 2427 465 2479 consensu,
481 2404 585 2488 possit,
601 2404 632 2464 in
647 2403 719 2466 aula
735 2402 781 2465 rel
798 2404 826 2465 in
846 2425 979 2483 camera,
996 2403 1059 2463 suis
1075 2400 1249 2484 sumptibus
1265 2399 1410 2482 propriis,

257 2491 320 2553 sine
344 2512 434 2554 onere.
459 2490 698 2567 communitatis,
723 2512 758 2551 ac
782 2502 963 2553 caeterorum
986 2487 1205 2572 impedimento
1227 2484 1274 2547 vel
1295 2485 1411 2548 damno
1458 2509 1463 2513 ·

260 2575 425 2638 Sociorum
449 2574 498 2637 vel
523 2573 719 2644 scholarium,
745 2576 890 2659 recipere,
914 2596 1082 2659 procurare
1105 2595 1142 2635 ac
1164 2593 1296 2655 pascere,
1319 2583 1412 2653 prout

259 2659 370 2744 placet,
394 2661 515 2722 duobus
537 2659 649 2722 diebus
673 2661 824 2722 duntaxat
849 2670 879 2720 et
901 2681 961 2721 non
984 2658 1077 2723 ultra.
1122 2658 1307 2734 Statueutes,
1331 2678 1411 2739 prae·

46 2767 232 2826 nonmagna>
259 2757 354 2825 terea,
370 2760 404 2808 ut
420 2742 523 2807 nullus
537 2755 710 2818 extraneus,
727 2749 938 2830 cujuscunque
955 2757 1063 2818 status,
1089 2745 1207 2829 gradus
1230 2755 1284 2805 aut
1306 2743 1412 2804 condi·

47 2828 241 2893 passanightin
260 2832 360 2906 tionis,
388 2832 507 2901 existat,
545 2831 624 2891 infra
652 2832 768 2895 dictum
797 2830 979 2916 Collegium
1008 2832 1196 2914 hospitetur,
1233 2851 1286 2891 nec
1315 2830 1411 2891 etiam

48 2893 155 2954 collega
240 2929 413 3005 ¹pernoctet
428 2915 607 3001 aliqualiter
620 2918 652 2978 in
672 2916 793 2980 eodem.
839 2918 1007 2996 Nolumus,
1033 2923 1164 3001 insuper,
1188 2913 1273 3000 quod
1299 2914 1413 2998 aliquis

259 3003 351 3067 dictae
374 3001 598 3067 Universitatis
624 3003 785 3075 scholaris,
816 3015 870 3066 aut
899 3004 995 3085 quivis
1019 3005 1097 3065 alius
1128 3014 1300 3072 extraneus,
1330 3000 1413 3061 ultra

260 3089 339 3152 duos
353 3089 430 3161 dies,
445 3088 486 3151 ad
504 3089 672 3152 faciendam
689 3112 760 3152 cum
777 3089 825 3151 eis
840 3112 971 3167 moram,
988 3089 1070 3150 infra
1086 3089 1204 3152 dictum
1219 3087 1412 3171 Collegium,

260 3199 315 3238 seu
330 3175 369 3237 ad
386 3176 539 3259 ponendas
553 3174 604 3236 vel
620 3172 763 3239 colendas
778 3197 970 3248 communes,
993 3174 1041 3237 rel
1056 3174 1176 3259 aliquid
1189 3173 1275 3236 aliud
1292 3172 1412 3235 ratione

260 3283 500 3324 communarum
518 3260 567 3324 vel
582 3283 675 3323 morae
689 3283 752 3323 suae
766 3259 912 3345 longioris
929 3261 1086 3333 iaciendas,
1110 3262 1154 3324 ibi
1172 3260 1347 3344 recipiatur,
1361 3257 1412 3320 vel

48 3349 179 3401 Penaltia.
260 3346 339 3411 alias
355 3347 548 3410 admittatur.
594 3346 703 3430 Siquis
718 3369 788 3410 vero
805 3347 880 3410 dicti
895 3346 1031 3434 Collegii
1054 3347 1169 3410 Socius
1193 3347 1239 3410 vel
1264 3344 1413 3409 scholaris

261 3433 395 3518 aliquem
426 3448 608 3497 extraneum
629 3432 669 3495 ad
694 3435 935 3517 pernoctandum
965 3435 1048 3496 inira
1076 3433 1196 3497 dictum
1232 3431 1411 3516 Collegium

261 3519 431 3590 admiserit,
449 3543 501 3582 seu
516 3520 744 3602 pernoctationi
759 3517 939 3602 hujusmodi
954 3542 1080 3583 causam
1095 3520 1224 3595 dederit,
1238 3541 1295 3603 pro
1309 3517 1413 3601 prima

262 3609 324 3669 vice
352 3628 405 3689 per
429 3605 645 3688 septimanam,
674 3627 728 3687 pro
751 3607 884 3670 secunda
909 3607 975 3670 vice
998 3629 1053 3691 per
1078 3607 1277 3691 quindenam,
1302 3625 1339 3666 ac
1353 3625 1414 3686 pro
1461 3654 1470 3669 κ

261 3691 353 3763 ¹tertia
376 3691 442 3757 rice
466 3711 522 3775 per
547 3711 641 3753 unum
665 3713 815 3769 mensem,
839 3714 896 3777 pro
911 3708 1021 3777 quarta
1037 3714 1106 3754 vero
1122 3693 1197 3769 vice,
1213 3704 1268 3753 aut
1284 3689 1414 3751 ulterius

261 3777 286 3838 si
309 3775 479 3861 deliquerit,
502 3773 595 3858 juxta
623 3776 840 3839 discretionem
868 3777 1015 3843 Custodia
1039 3789 1069 3840 et
1093 3777 1214 3840 Decani
1242 3776 1287 3837 sic
1310 3773 1412 3835 delin-

261 3863 393 3944 quentis,
418 3873 472 3924 aut
497 3862 629 3926 Custode
662 3864 787 3926 ahsente
811 3863 1027 3929 Vicecustodis
1053 3875 1084 3926 et
1111 3861 1228 3926 Decaui
1256 3857 1415 3942 praedicti,

260 3949 360 4009 acrius
375 3959 405 4009 et
420 3947 531 4012 arctius
547 3951 702 4032 puniatur.

259 4097 339 4184 Cup.
360 4100 408 4163 14.
416 4102 506 4164 -De
521 4102 780 4272 disputationibu}
794 4101 953 4251 Soleiorum
973 4111 1002 4164 et
1023 4100 1210 4164 scholarium
1231 4098 1265 4160 in
1279 4096 1415 4181 qualibet

773 4209 830 4251 acu
844 4199 913 4251 iate.

44 4298 241 4364 Dsilydirpnu·
306 4293 397 4368 ltem,
419 4316 475 4378 pro
500 4295 642 4359 uberiore
667 4297 817 4359 exercitio
840 4295 944 4364 studii,
972 4315 1010 4355 ac
1036 4294 1229 4357 incremento
1257 4297 1416 4376 proiectus

45 4364 224 4489 323ὖῖἱῇ
261 4379 451 4450 scholastici,
468 4383 639 4461 statuimus,
662 4383 845 4445 ordinamus
860 4394 889 4442 et
902 4378 1057 4454 volumus
1080 4380 1163 4465 quod
1178 4382 1260 4444 Socii
1277 4393 1307 4444 et
1322 4381 1414 4444 scho-

44 4491 237 4555 „mndmm
258 4467 349 4549 lares,
373 4467 489 4531 artistae
511 4467 590 4531 dicti
611 4467 745 4556 Collegii
768 4489 828 4531 non
853 4467 1006 4552 graduati,
1030 4470 1054 4532 si
1076 4490 1239 4534 numerum
1261 4469 1413 4554 attingant
