3014 4898
368 285 556 369 8101010110]ί
563 285 622 349 All
637 283 728 352 Souis
746 285 872 369 Callope,
895 284 1023 371 Orrford
1227 285 1270 348 25

118 455 274 520 habilibus
290 467 320 518 et
337 456 467 535 idoneis,
488 455 580 538 juxta
602 457 735 518 formam
760 467 943 519 statutorum
958 457 1122 535 dictorum,
1138 479 1175 519 ac
1197 477 1270 540 pro·

118 543 208 604 licere
223 543 407 617 volentibus,
424 542 620 623 provideatur
637 542 749 605 eidem.
796 542 951 626 Quodque
975 551 1083 606 contra
1107 543 1269 605 dominum
1283 561 1350 610 suits
1360 559 1453 619 against

117 628 400 712 Arcbiepiscopum
417 630 687 704 Cantuariensem,
705 629 883 691 Prioremve
905 641 960 692 aut
983 628 1150 712 capitulum
1174 629 1270 711 ipsius
1283 624 1465 700 thearchbieho

115 715 256 776 ecclesiae
272 714 504 778 Cantuariensis
523 715 576 798 qui
599 736 656 799 pro
680 727 820 798 tempore
844 715 967 784 suerint,
992 716 1023 776 in
1047 715 1154 800 aliqua
1177 737 1271 777 causa
1284 690 1444 816 ‘gafissffissrsyu

115 802 219 883 ipsum
237 801 525 886 Archiepiscopum
549 813 604 863 aut
625 801 727 884 ipsam
743 801 907 864 ecclesiam
922 816 1129 876 concernente,
1143 802 1271 863 scienter

116 908 176 948 non
190 887 273 949 dabo
288 887 462 957 consilium,
479 887 636 950 auxilium
653 886 699 949 vel
715 888 871 962 favorem3
896 909 991 950 causa
1007 909 1077 950 mea
1099 888 1226 973 propria
1241 898 1271 950 et

117 972 253 1058 Collegii
277 974 419 1057 praedicti
433 973 588 1036 duntaxat
609 973 753 1057 exceptis.
799 972 891 1049 Item,
909 973 992 1058 quod
1016 995 1075 1035 non
1098 975 1271 1055 impetrabo
1283 990 1451 1054 Dispensation

116 1059 380 1141 dispensationem
409 1059 549 1144 aliquam
580 1072 687 1122 contra
718 1061 902 1143 juramenta
933 1082 1005 1122 mea
1034 1059 1186 1142 praedicta
1215 1081 1270 1121 nec
1282 1056 1343 1104 11οω
1355 1055 1421 1104 0111·
1430 1053 1464 1104 '²¹¹

117 1144 260 1228 aliquam
275 1144 458 1230 particulam
485 1146 664 1218 eorundem,
681 1167 739 1208 nec
753 1160 861 1207 eontra
886 1145 1095 1208 ordinationes
1109 1157 1140 1207 et
1155 1157 1271 1207 statuta
1282 1125 1387 1169 '‘ml“

116 1231 191 1293 dicti
205 1230 336 1319 Collegii
352 1243 407 1294 aut
421 1234 560 1314 ipsorum
575 1231 703 1317 aliquod
717 1256 725 1310 ;
751 1254 806 1294 nec
826 1232 1069 1314 dispensationes
1093 1230 1271 1314 hujusmodi

46 1363 47 1366 ,
117 1338 170 1399 per
192 1318 294 1380 alium
317 1318 366 1380 vel
391 1319 480 1397 01100,
500 1317 627 1401 publice
641 1319 691 1380 vel
715 1318 847 1395 occulta,
860 1318 1026 1401 impetrari
1041 1317 1089 1380 vel
1105 1318 1175 1379 fieri
1197 1340 1270 1402 pro·

116 1405 239 1483 curabo,
250 1406 365 1467 directe
379 1404 427 1467 vel
442 1405 596 1468 indirecte.
634 1403 680 1465 Et
695 1404 719 1465 si
731 1405 831 1465 lorsan
843 1405 1110 1487 dispensationem
1128 1404 1269 1486 aliquam

119 1490 296 1572 hujusmodi
323 1491 490 1573 impetrari
514 1501 569 1552 aut
593 1490 690 1574 gratis
716 1490 844 1552 concedi
868 1491 917 1552 vel
941 1489 1064 1574 acquiri
1090 1490 1268 1574 contigerit,

117 1573 330 1658 cujuscunque
345 1576 440 1637 100111
456 1575 651 1644 auctoritate,
668 1597 723 1636 seu
748 1577 787 1637 sit
811 1576 994 1662 generaliter
1009 1574 1060 1638 vel
1083 1576 1269 1658 specialiter,

118 1671 174 1723 aut
190 1661 270 1724 alias
286 1663 344 1725 sub
359 1683 545 1745 quacunque
561 1662 723 1723 verbomm
742 1661 844 1724 forma
859 1683 1015 1738 concessa,
1029 1662 1095 1745 ipsa
1110 1684 1171 1725 non
1188 1672 1269 1734 utar,

117 1769 175 1809 uec
190 1748 293 1810 eidem
309 1749 499 1811 consentiam
511 1747 729 1831 quovismodo:
751 1751 830 1810 sicut
842 1747 933 1810 Deus
949 1769 1001 1809 me
1016 1746 1142 1830 adjuvet
1156 1761 1186 1810 et
1202 1748 1269 1811 haec

117 1846 226 1896 sancta
250 1834 315 1897 Dei
331 1833 517 1920 Evangelia.
565 1834 606 1897 Et
621 1834 646 1896 si
661 1834 821 1919 contingat
844 1835 1057 1917 imposterum,
1074 1856 1125 1896 me
1140 1845 1269 1918 propter
1282 1856 1380 1906 notioni
1390 1858 1440 1906 and

118 1930 341 2003 contemptum,
355 1921 566 1991 rebellionem,
577 1920 825 1999 inobedientiam,
834 1922 935 1982 malos
943 1941 1053 1996 mores,
1062 1919 1114 1982 vel
1123 1919 1184 1982 alia
1199 1920 1409 1997 1110011101111
1418 1938 1465 1971 Μ

117 2007 277 2083 demerita,
295 2029 352 2069 seu
367 2018 493 2092 propter
507 2028 616 2068 causas
631 2006 664 2067 in
679 2007 883 2089 praesentibus
904 2005 1143 2069 ordinationibus
1155 2013 1188 2069 et
1205 2017 1268 2069 sta·
1280 1987 1308 2099 ἓξ
1317 1987 1465 2100 {Jnfflff

116 2092 196 2154 sutis
211 2105 383 2168 contentas,
403 2114 458 2177 per
481 2093 656 2157 Custodem
680 2093 795 2178 corrigi
814 2101 844 2154 et
867 2092 979 2176 puniri,
995 2105 1050 2154 aut
1073 2090 1151 2154 alias
1174 2090 1268 2176 hujus
1347 2066 1363 2114 p
1443 2087 1450 2102 ⁶

118 2177 255 2262 Collegii
285 2179 471 2242 Oxoniensis
505 2179 721 2242 sustentatione
750 2193 780 2242 et
814 2177 965 2241 Societate
994 2177 1147 2264 ejusdem,
1178 2178 1269 2260 juxta

118 2265 250 2326 sormam
281 2265 513 2327 ordinationum
543 2275 573 2327 et
603 2276 788 2327 statutorum
821 2264 992 2342 dictorum,
1025 2262 1109 2345 ejici,
1139 2263 1267 2348 expelli,

117 2350 244 2432 privari,
268 2351 391 2415 excludi
416 2349 464 2412 vel
486 2351 584 2412 etiam
607 2350 755 2427 amoveri,
771 2372 809 2412 ex
831 2361 915 2413 certa
939 2371 1011 2412 mea
1032 2350 1166 2430 scientia,
1181 2371 1266 2433 pure,

117 2447 234 2518 sponte,
261 2435 449 2519 simpliciter
475 2447 507 2498 et
534 2435 682 2507 absolute,
707 2436 793 2498 omni
817 2435 946 2514 actioni,
969 2435 1126 2500 occasione
1152 2458 1267 2499 correc-

23 2524 28 2530 '
116 2521 225 2601 tionis,
242 2521 289 2583 vel
303 2521 482 2605 punitionis
508 2522 556 2583 vel
572 2521 764 2605 privationis,
787 2520 988 2601 exclusionis,
1005 2521 1190 2606 expulsionis
1211 2543 1267 2585 seu

117 2608 284 2670 amotionis
310 2606 498 2689 hujusmodi,
523 2618 631 2670 contra
650 2607 820 2671 Custodem
844 2620 900 2669 aut
924 2607 1006 2669 alios
1029 2607 1107 2670 dicti
1127 2606 1267 2695 collegii

117 2693 302 2756 Oxoniensis
319 2693 426 2757 Socios
439 2695 493 2778 qui
507 2714 565 2779 pro
577 2706 717 2777 ternpore
732 2693 858 2767 suerint,
867 2693 1053 2777 conjunctim
1068 2692 1119 2757 vel
1134 2693 1266 2765 divisim,

115 2780 350 2863 quomodolibet
376 2781 580 2858 instituendae,
611 2779 816 2863 appellationi
843 2791 873 2842 et
895 2779 1029 2862 querelae
1054 2779 1089 2842 in
1114 2801 1153 2842 ea
1180 2793 1277 2864 parte

118 2867 240 2946 fiendis,
255 2888 293 2928 ac
312 2888 566 2950 quammcunque
581 2865 744 2928 literarum
759 2865 984 2949 impetrationi,
993 2866 1136 2949 precibus
1151 2867 1266 2948 princi·

59 3026 62 3031 ⁵
116 2974 205 3035 punt,
233 2953 443 3037 praelatorum,
473 2974 652 3035 procerum,
687 2965 867 3038 magnatum
897 2963 928 3014 et
956 2950 1086 3014 aliorum
1122 2973 1267 3036 quorum·

116 3060 246 3122 cunque,
261 3051 536 3122 quantumcunque
557 3038 638 3101 alias
656 3039 737 3108 mihi
760 3037 929 3122 probitatis
945 3051 976 3098 et
992 3038 1063 3100 vitae
1077 3038 1191 3101 merita
1205 3041 1266 3101 sul·

116 3125 283 3210 fragantur,
298 3126 331 3187 in
349 3127 413 3189 vim
438 3126 524 3207 pacti
544 3127 683 3189 renuntio
697 3126 729 3185 in
748 3124 795 3186 bis
810 3123 919 3186 literis.
967 3123 1107 3209 Insuper,
1128 3124 1162 3198 si,
1180 3135 1264 3207 post·
1280 3136 1391 3184 Eteonon
1402 3140 1428 3184 to

116 3233 211 3294 quam
242 3213 273 3274 in
300 3234 410 3274 verum
440 3211 571 3273 Socium
601 3210 693 3293 hujus
725 3209 859 3295 Collegii
888 3222 1071 3293 assumptus
1102 3212 1188 3272 10010
1218 3210 1265 3272 101
1279 3199 1445 3311 pnothercol·

115 3296 240 3375 electus,
254 3299 288 3359 in
305 3297 434 3360 Socium
451 3297 580 3359 alterius
595 3296 728 3380 Collegii
742 3297 817 3357 dicti
832 3295 1056 3358 Universitatis
1071 3295 1266 3369 Oxoniensis
1290 3280 1339 3326 Ψ·

115 3383 167 3445 vel
190 3385 284 3445 etiam
299 3381 518 3447 Universitatis
541 3382 827 3466 cantabrigiensis,
849 3402 900 3443 me
921 3381 1088 3454 nominari,
1112 3381 1191 3464 eligi
1214 3393 1266 3443 aut

116 3470 243 3543 assumi,
257 3469 427 3549 contigerit,
444 3467 628 3550 hujusmodi
652 3467 806 3537 electioni,
830 3465 1042 3529 nominationi
1063 3478 1095 3528 et
1121 3488 1266 3550 assump-

116 3554 206 3624 tioni,
231 3563 294 3615 nou
322 3553 525 3623 consentiam,
548 3574 603 3615 nec
629 3550 813 3637 Collegium
837 3549 1029 3632 hujusmodi,
1053 3551 1166 3614 virtute
1191 3552 1266 3614 talis

117 3638 286 3718 electionis,
312 3649 461 3722 tanquam
487 3638 596 3702 Socios
621 3636 763 3720 ejusdem
787 3637 970 3722 ingrediar;
997 3638 1052 3699 sed
1074 3637 1163 3699 omni
1181 3635 1266 3718 juris

116 3726 213 3806 titulo,
229 3727 339 3789 virtute
354 3725 515 3787 electionis
532 3737 588 3786 aut
603 3723 827 3808 assumptionis
843 3722 1024 3806 hujusmodi
1038 3722 1121 3785 mibi
1135 3745 1266 3806 quomo-

116 3812 237 3874 dolibet
270 3811 490 3896 competitura,
519 3809 552 3871 111
586 3810 653 3873 vim
686 3810 774 3894 pacti
808 3811 945 3872 renuntio
974 3810 1006 3870 in
1035 3809 1084 3870 his
1115 3809 1264 3894 scriptis.”

116 3899 334 3982 Volumusque
363 3898 446 3981 quod
476 3898 516 3958 de
540 3894 718 3979 juramento
748 3896 902 3980 praedicto
932 3896 986 3957 fiat
1016 3895 1122 3958 statim
1152 3896 1264 3958 instru—
1278 3916 1342 3966 oath
1354 3923 1379 3966 to
1392 3916 1465 3968 bere·

116 3998 258 4047 mentum
288 3985 455 4067 publicum,
472 3983 562 4068 signo
585 3992 618 4047 et
642 3984 863 4066 subscriptione
886 3981 1000 4044 notarii
1016 3981 1140 4065 publici
1163 3981 1446 4056 mun1.ducedintoa

117 4085 196 4147 tum,
227 4073 330 4155 ipsius
364 4068 536 4154 juramenti
570 4081 670 4132 totum
709 4081 854 4139 tenorem,
883 4069 967 4130 diem
1000 4081 1029 4129 et
1060 4068 1200 4145 formam,
1230 4046 1465 4159 acgqppclnstru·

115 4179 226 4219 nomen
249 4171 279 4219 et
307 4177 476 4243 cognomen
499 4153 719 4238 cujuscunque,
740 4169 772 4217 et
794 4152 883 4237 cujus
908 4154 1077 4216 comitatus
1098 4155 1210 4216 existat
1232 4166 1266 4218 01
1345 4145 1351 4159 ’

116 4245 271 4317 dioecesis,
289 4244 459 4314 continens,
475 4241 518 4305 010
528 4241 682 4323 jurantis3
705 4243 788 4324 quod
805 4242 839 4303 in
852 4241 938 4303 (11010
953 4240 1099 4325 Collegio
1114 4252 1265 4326 perpetuo

115 4341 283 4407 remaneat,
299 4330 356 4393 sub
372 4329 515 4392 custodia
529 4327 679 4412 diligenti.
740 4368 745 4376 -
