3014 4898
282 241 323 306 16
534 239 669 309 &unes
683 244 722 327 ‘ff
730 240 789 307 All
802 241 894 308 soors
913 240 1038 326 Collegae,
1059 239 1187 324 Oaford.

282 424 476 477 reservantes.
510 411 571 493 Ita,
583 421 703 494 tamen,
714 413 800 499 quod
810 434 909 477 unum
921 412 1046 479 Socium
1055 434 1162 476 varum
1178 412 1274 496 ipsius
1286 412 1433 500 Collegii,

281 499 329 563 val
347 499 448 564 alium
463 501 520 584 qui
543 500 628 583 prius
643 501 741 563 fuerat
756 499 795 562 de
818 502 883 584 ipso
897 500 986 564 Colle
1010 500 1038 562 'o
1063 509 1094 560 et
1111 519 1152 561 ex
1170 499 1276 563 causis
1296 500 1432 565 honestis

283 588 442 650 recesserit
458 586 633 660 abeodem,
650 585 846 673 Magistrum
862 586 895 648 in
914 522 1076 671 theoffrgia
1090 607 1143 646 seu
1164 585 1333 649 Doctorem
1350 588 1434 671 juris

282 673 419 736 canonici
440 672 492 736 vel
512 672 627 746 civilis,
651 681 709 737 aut
735 672 926 759 Magistrum
951 673 985 734 in
1008 671 1130 734 artibus
1145 673 1199 756 qui
1223 675 1433 737 necessariam

281 759 451 844 regentiam
467 757 663 842 compleverit
680 759 711 820 in
726 759 797 843 ipsa
813 757 929 822 artium
947 758 1104 828 facultate,
1121 779 1174 820 seu
1191 759 1433 823 baccalaureum

282 843 315 906 in
329 844 428 908 altero
439 845 562 928 jurium
577 844 811 929 praedictorum,
829 846 883 929 qui
899 845 1050 908 lecturam
1077 843 1180 907 libelli
1198 845 1433 908 Institutionum

282 943 336 993 aut
348 931 440 994 unius
449 930 522 994 libri
541 929 767 1006 Decretalium‚
791 942 826 993 ut
850 930 1062 1015 supradictum
1079 942 1136 1003 est,
1153 931 1352 1014 compleverit
1373 955 1431 1015 pro

282 1017 390 1090 forma,
407 1039 508 1101 quem,
530 1017 699 1080 secundum
719 1015 827 1080 Deum
851 1028 883 1078 et
905 1016 1126 1079 conscientiam
1142 1039 1232 1080 suam
1248 1018 1375 1087 bonam,
1391 1018 1433 1080 ad

283 1103 420 1166 officium
444 1101 621 1186 hujusmodi
646 1102 750 1186 magis
766 1102 905 1165 habilem
928 1114 959 1166 et
973 1103 1118 1165 idoneum
1134 1126 1198 1166 essa
1212 1104 1383 1182 crediderit,
1400 1106 1431 1167 in

283 1190 405 1252 casibus
420 1189 607 1273 supradictis
621 1188 767 1273 praeficiat
780 1189 810 1250 iu
826 1187 1008 1252 Custodem.
1053 1188 1222 1251 Custodem
1238 1211 1309 1252 vero
1326 1190 1432 1274 hujus·

284 1274 372 1337 modi
393 1296 621 1359 quemcunque,
645 1274 901 1360 qualitercunque
923 1276 1087 1359 praefectus
1111 1275 1216 1354 fuerit,
1236 1277 1340 1339 statim
1364 1286 1432 1361 post

284 1361 514 1445 praefectionem
542 1383 643 1432 suam,
665 1361 763 1444 primo
786 1382 892 1423 coram
918 1361 974 1424 illo
996 1361 1053 1445 qui
1077 1362 1181 1445 ipsum
1208 1364 1378 1445 praefecerit
1401 1364 1432 1424 iu

285 1445 468 1524 Custodem,
483 1459 514 1511 et
529 1447 750 1532 subsequenter
766 1447 977 1531 inpraesentia
996 1448 1137 1511 omnium
1153 1447 1317 1514 Sociorum
1335 1451 1434 1532 ipsius

286 1532 424 1618 Collegii
441 1534 650 1617 praesentium,
666 1546 835 1617 antequam
852 1535 892 1596 ad
908 1533 1206 1597 administrationem
1222 1535 1363 1619 aliquam
1379 1536 1433 1597 ad·

285 1620 434 1691 mittatur,
458 1620 551 1683 tactis
574 1633 606 1681 et
629 1620 774 1703 inspectis
797 1641 852 1704 per
876 1621 980 1705 ipsum
1005 1621 1208 1683 sacrosanctis
1239 1622 1431 1706 Evangeliis‚

285 1706 497 1790 subscriptum
512 1716 658 1792 praestare
679 1709 902 1789 juramentum.
948 1714 967 1743 “
986 1707 1064 1790 Ego,
1080 1705 1122 1778 Q.
1137 1705 1190 1778 Q,
1211 1705 1244 1766 in
1259 1706 1432 1769 Custodem

286 1791 427 1877 Collegii
451 1792 641 1856 Animarum
667 1791 807 1855 fidelium
822 1793 1036 1855 defunctorum
1061 1791 1095 1852 in
1119 1790 1241 1854 Oxonia
1260 1792 1431 1874 praefectus,

71 1886 252 1963 1mputtalad-
281 1877 362 1961 juro,
377 1880 468 1942 tactis
482 1892 513 1940 et
529 1878 673 1962 inspectis
684 1901 739 1961 per
761 1901 812 1941 me
826 1879 893 1938 istis
911 1877 1115 1941 sacrosanctis
1138 1876 1329 1960 Evangeliis,
1345 1879 1431 1961 quod

67 2023 114 2064 ele·

70 3192 100 3238 In
111 3189 210 3254 pantich-

69 3264 152 3315 mcuta,
164 3261 210 3304 etc.

71 1950 239 2012 ministratos,
286 1965 404 2027 dictum
426 1964 613 2050 Collegium,
638 1965 746 2027 omnia
765 1963 925 2038 beneficia,
941 1976 1038 2026 terras
1061 1973 1093 2025 et
1106 1975 1295 2041 tenementa,
1310 1987 1430 2047 posses·

286 2050 398 2124 siones,
415 2051 554 2113 redditus
575 2051 750 2134 spirituales
773 2064 803 2112 et
830 2050 1024 2133 temporales,
1043 2071 1127 2132 Jura,
1142 2048 1311 2122 libertates
1330 2050 1430 2134 privi-

287 2135 371 2221 legia
391 2149 422 2198 et
451 2137 531 2200 bona
559 2159 752 2222 quaecunque
779 2135 929 2219 ejusdem,
956 2158 1075 2198 necnon
1106 2157 1214 2198 omnes
1239 2148 1268 2197 et
1297 2135 1433 2220 singulos

284 2222 391 2285 Socios
405 2234 435 2286 et
454 2222 609 2287 scholares
630 2223 728 2308 ipsius
752 2222 903 2307 Collegii,
931 2224 1049 2307 absque
1071 2243 1282 2305 personarum,
1309 2223 1432 2285 scienti·

284 2331 373 2372 arum
388 2310 433 2373 vel
451 2309 644 2381 facultatum,
663 2310 781 2394 generis
795 2323 849 2372 aut
872 2311 987 2394 patriae,
1014 2309 1225 2393 acceptatione
1239 2331 1434 2393 quacunque,

284 2418 401 2480 regam,
427 2396 616 2468 custodiam,
632 2396 772 2483 dirigam
797 2406 827 2458 et
852 2396 1043 2482 gubernabo,
1066 2407 1096 2458 et
1115 2397 1161 2459 sic
1185 2418 1240 2480 per
1262 2397 1340 2459 alios
1354 2396 1432 2481 regi,

284 2482 444 2553 custodiri,
459 2482 558 2568 dirigi
574 2492 604 2544 et
628 2483 811 2566 gubernari,
835 2484 961 2559 faciam,
982 2481 1076 2566 juxta
1099 2504 1196 2566 posse.
1242 2482 1333 2558 Item,
1349 2484 1433 2565 quod

284 2568 318 2629 in
333 2568 435 2632 Sociis
449 2567 496 2630 vel
512 2567 707 2630 scholaribus
732 2567 871 2649 ejusdem
894 2568 1035 2650 Collegii
1061 2569 1093 2627 in
1109 2568 1213 2648 aliqua
1229 2568 1431 2628 scientiarum

284 2675 338 2713 seu
374 2651 555 2714 facultatum
591 2652 794 2726 studentibus,
833 2653 989 2712 occasione
1023 2650 1162 2712 scientiae
1190 2673 1245 2712 seu
1275 2651 1433 2714 facultatis

284 2737 434 2820 ejusdem,
450 2735 616 2819 plusquam
639 2736 741 2799 Sociis
762 2735 838 2797 aliis
853 2735 900 2797 vel
925 2735 1120 2797 scholaribus
1132 2734 1268 2819 ejusdem
1291 2736 1432 2822 Collegii

285 2823 319 2884 in
336 2822 479 2886 scientiis
493 2822 563 2884 aliis
579 2845 633 2885 seu
647 2821 849 2885 facultatibus
864 2822 1067 2901 studentibus,
1091 2842 1148 2886 uon
1172 2823 1276 2886 favens
1288 2835 1343 2886 aut
1357 2845 1430 2906 par-

284 2908 371 2971 tialis
400 2931 462 2988 ero,
487 2931 542 2973 nec
567 2931 619 2971 me
643 2918 763 2990 partem
792 2929 850 2992 pro
880 2905 987 2990 aliquo
1011 2906 1191 2990 aliqualiter
1214 2909 1339 2989 faciam,
1365 2930 1430 2988 nec,

285 3002 393 3058 contra
409 2994 580 3079 justitiam,
596 2994 736 3057 caritatis
756 3004 786 3056 et
803 2995 998 3056 fraternitatis
1023 3015 1169 3073 amorem,
1185 2996 1369 3080 gravamina
1383 2997 1431 3057 vel

284 3079 442 3144 molestias
469 3080 564 3143 alicui
587 3081 723 3164 ipsorum
751 3079 943 3144 scholarium
966 3079 1013 3144 vel
1033 3079 1198 3144 Sociorum
1222 3082 1355 3145 inferam
1381 3083 1431 3144 vel

284 3167 392 3230 inferri
419 3167 533 3231 faciam
558 3167 775 3251 quovismodo.
818 3165 983 3250 Quodque,
1011 3178 1162 3251 quantum
1188 3166 1223 3229 in
1253 3191 1304 3230 me
1328 3168 1431 3247 fuerit,

284 3255 504 3333 correctiones
533 3253 709 3340 punitiones
739 3263 770 3315 et
799 3253 1038 3330 reformationes,
1065 3253 1194 3332 debitas,
1229 3255 1432 3317 rationabiles

284 3352 376 3424 atque
386 3338 495 3424 justas,
516 3340 555 3402 dc
570 3340 806 3424 quibuscunque
827 3339 1020 3418 criminibus,
1043 3339 1166 3402 delictis
1189 3351 1220 3403 et
1242 3341 1430 3418 excessibus,

284 3427 473 3490 scholarium
495 3436 525 3490 et
547 3425 713 3492 Sociorum
736 3427 815 3489 dicti
837 3424 976 3514 Collegii
997 3447 1264 3510 quorumcunque,
1295 3429 1429 3510 quoties,

282 3513 338 3577 ubi
363 3526 395 3578 et
417 3513 551 3597 quando,
577 3535 616 3575 ac
640 3522 729 3596 prout
755 3535 833 3596 opus
860 3513 960 3588 suerit,
981 3510 1073 3596 juxta
1095 3514 1211 3599 negotii
1238 3514 1429 3596 qualitatem,

282 3623 469 3684 omnemque
478 3599 616 3663 formam
631 3612 661 3661 et
675 3598 821 3662 effectum
846 3598 1077 3662 ordinationum
1100 3612 1131 3660 et
1149 3611 1334 3663 statutorum
1350 3600 1430 3661 dicti

282 3686 428 3772 Collegii,
443 3688 559 3768 absque
574 3684 765 3771 partialitate
779 3706 973 3768 quacunque,
989 3685 1164 3768 postpositis
1186 3699 1217 3748 et
1242 3685 1430 3748 cessantibus

282 3773 476 3835 omnimodis
489 3793 591 3856 prece,
606 3771 716 3854 pretio,
739 3792 853 3851 amore,
870 3771 995 3849 timore,
1013 3771 1097 3849 odio,
1120 3771 1237 3833 invidia
1261 3783 1292 3831 et
1316 3772 1428 3849 favore,

283 3879 402 3921 necnon
418 3858 639 3923 affectionibus
653 3858 934 3943 consanguinitatis
957 3869 987 3918 et
1011 3856 1177 3934 affinitatis,
1200 3855 1360 3917 facultatis
1375 3877 1429 3918 seu

283 3944 430 4024 scientiae,
442 3966 480 4006 ac
493 3943 706 4030 praerogativis
721 3942 921 4027 specialibus,
931 3966 970 4006 ex
985 3942 1221 4025 quibuscunque
1235 3941 1338 4002 causis
1350 3963 1430 4024 prae-

283 4030 377 4093 tensis
392 4029 442 4093 vel
455 4031 628 4114 conceptis,
644 4029 811 4114 diligenter
826 4041 856 4093 et
870 4028 1084 4091 indifferenter
1097 4025 1215 4089 faciam
1231 4038 1261 4087 et
1273 4027 1428 4107 exercebo,

283 4137 338 4178 seu
352 4138 407 4200 per
419 4116 496 4179 alios
510 4115 579 4180 fieri
598 4127 626 4178 et
642 4115 782 4178 exerceri
805 4114 920 4177 faciam
944 4125 974 4175 et
1000 4113 1097 4174 ariam
1118 4113 1293 4196 procurabo
1303 4136 1313 4190 3
1335 4124 1365 4174 ct
1381 4136 1428 4193 aa,

283 4223 352 4284 quae
367 4202 401 4264 in
412 4224 449 4264 ea
463 4214 550 4286 parte
566 4201 679 4264 fuerint
694 4200 847 4280 facienda,
869 4199 1003 4263 fideliter
1029 4198 1064 4260 in
1084 4198 1227 4261 omuibus
1248 4221 1383 4282 exequar
1397 4212 1429 4262 et

284 4288 397 4373 exequi
420 4287 548 4368 faciam,
573 4287 667 4372 juxta
695 4309 795 4370 posse.
841 4286 897 4365 Er,
920 4286 948 4347 si
984 4282 1162 4367 hujusmodi
1190 4286 1369 4366 punitiones
1398 4299 1429 4349 et

284 4373 529 4453 reformationes,
555 4387 591 4436 ut
612 4373 779 4458 praefertur,
809 4372 913 4435 debita
942 4374 1041 4433 l'acere
1068 4392 1126 4432 non
1156 4383 1273 4454 potero,
1304 4385 1429 4457 propter

283 4472 401 4527 metum
417 4471 447 4522 et
473 4463 645 4545 potentiam
668 4482 722 4523 seu
744 4458 982 4523 multitudinem
1006 4456 1262 4539 delinquentium,
1285 4460 1426 4544 ipsorum
