3014 4898
285 217 327 285 74
625 219 684 283 All
698 217 790 286 Saule
809 218 934 303 Collega,
955 216 1083 301 Ocsord.

283 399 386 452 terum
414 389 520 453 litium
543 397 598 452 aut
620 389 844 452 discordiarum
867 390 945 452 inter
967 411 1019 452 eos
1043 389 1179 474 (favente
1204 389 1291 471 Deo)
1314 391 1435 454 oriatur

283 476 420 553 oceasi03
451 475 631 559 ubicunque
659 475 769 538 colitur
798 489 827 538 et
856 476 1039 538 observatur
1068 475 1153 548 ordo,
1178 475 1223 537 ibi
1254 487 1372 561 oportet
1398 490 1433 538 ut

283 571 395 645 augeat
418 561 527 640 virtus,
550 561 713 624 concordia
733 574 763 624 et
786 584 911 626 summa
934 583 1038 623 rerum
1063 562 1292 644 tranquillitas;
1317 564 1434 645 quihus

284 647 428 722 sublatis,
439 648 545 710 omnia
560 648 654 732 pacis,
664 649 844 727 concordias,
857 647 991 726 virtutis,
1003 647 1244 731 tranquillitatis,
1255 650 1433 726 seminaria,

283 732 408 797 interire
438 755 563 795 necesse
591 744 655 795 est:
693 745 736 811 ut,
761 734 877 817 itaque,
902 734 1032 795 nulliter
1054 733 1183 817 posthac
1212 735 1434 797 discordiarum

283 818 440 882 incendiis
470 818 650 883 divinorum
679 819 857 883 officiorum
893 820 1090 883 executiones
1120 819 1230 901 quovis
1260 833 1355 904 pacto
1385 822 1433 882 vel

283 903 400 968 offendi
427 905 476 968 vel
505 905 655 988 impedire
680 905 811 976 valeant,
834 906 888 968 sed
918 920 952 966 ut
980 927 1102 988 semper
1124 907 1156 966 in
1183 906 1282 968 choro
1307 927 1434 969 concors

284 991 431 1074 quaedam
447 1002 477 1053 et
492 1012 629 1053 consona
644 991 821 1054 modulatio
837 991 996 1069 habeatur,
1011 1014 1074 1073 qua
1092 991 1224 1054 dulciter
1245 1005 1277 1055 et
1296 990 1432 1074 jucunde

283 1077 424 1160 primum
449 1076 519 1139 Deo
538 1077 650 1139 laudes
674 1077 775 1139 debite
796 1077 986 1161 persolvant,
999 1078 1111 1139 deinde
1124 1077 1223 1139 virtus
1244 1092 1274 1141 et
1296 1077 1433 1140 studium

285 1162 475 1225 incrementa
500 1162 662 1225 literarum
687 1163 870 1246 suscipiant,
892 1164 988 1226 finem
1012 1185 1072 1245 quo
1093 1176 1246 1246 perpetuo
1267 1164 1375 1226 litibus
1403 1175 1433 1224 et

280 1246 457 1333 jurgiorum
479 1247 696 1312 occasionibus
718 1249 879 1331 imponere
902 1249 1081 1322 valeamus;
1111 1250 1283 1327 statuimus,
1308 1250 1433 1315 ordina-

285 1356 367 1412 mus,
384 1334 528 1396 volumus
542 1344 572 1396 et
584 1334 711 1397 firmiter
726 1331 914 1420 injungendo
928 1333 1144 1418 praecipimus,
1159 1336 1244 1418 quod
1259 1357 1278 1396 a
1293 1334 1343 1396 die
1358 1356 1431 1418 pro-

285 1418 488 1504 mulgationis
504 1417 598 1501 hujus
611 1431 722 1483 nostrae
742 1419 940 1484 ordinationis
952 1437 982 1482 et
1001 1416 1115 1482 decreti
1135 1420 1297 1503 perpetuis
1320 1418 1434 1483 suturis

285 1503 490 1587 temporibus,
505 1506 575 1567 talis
589 1506 619 1567 in
637 1505 732 1568 choro
746 1505 821 1569 ordo
837 1505 1056 1569 inviolabiliter
1070 1515 1102 1567 et
1117 1507 1157 1568 ab
1173 1507 1315 1569 omnibus
1329 1506 1432 1568 obser-

287 1605 382 1653 vetur.
426 1589 464 1654 In
484 1590 604 1674 primis,
620 1590 653 1652 in
677 1593 758 1654 festis
781 1591 1024 1675 principalibus3
1047 1591 1204 1671 videlicet,
1220 1594 1251 1652 in
1268 1592 1433 1654 festivitate

288 1675 418 1738 Natalis
445 1675 591 1752 Domini,
617 1685 751 1740 rectores
773 1679 832 1739 sint
858 1677 1008 1761 Magistri
1032 1677 1170 1739 seniores
1192 1692 1221 1740 et
1236 1678 1431 1739 baccalaurei

285 1761 415 1824 Artium
433 1763 588 1827 Seniores.
635 1761 672 1824 In
691 1762 847 1848 Martyrio
864 1763 971 1825 Sancti
985 1762 1127 1840 Thomas,
1144 1763 1338 1826 baccalaurei
1350 1761 1432 1843 juris

285 1847 385 1910 civilis
408 1859 439 1910 et
466 1849 605 1911 canonici
629 1848 771 1926 seniores,
796 1870 869 1910 cum
893 1848 961 1910 suis
984 1848 1178 1910 scholaribus
1199 1860 1229 1910 et
1251 1847 1431 1931 capellanis.

287 1931 324 1993 ln
339 1935 415 1995 sesto
431 1933 634 2017 Epiphaniae,
650 1933 798 2016 Magistri
812 1934 938 2013 artium,
951 1957 1025 1997 cum
1041 1933 1262 2006 baccalaureis,
1274 1947 1309 1996 ut
1324 1955 1428 2017 supra.

287 2017 324 2078 ln
347 2020 423 2081 festo
448 2018 606 2104 Gregorii,
620 2019 817 2083 baccalaurei
831 2017 923 2102 juris,
940 2043 1014 2083 cum
1035 2019 1240 2099 scholaribus,
1265 2029 1300 2081 ut
1325 2040 1430 2103 supra.

289 2102 325 2164 ln
343 2105 416 2168 festo
430 2102 602 2176 Ambrosii,
623 2105 774 2192 Magistri
792 2106 908 2167 artium
927 2128 1001 2168 cum
1023 2105 1250 2177 baccalaureis,
1266 2117 1301 2167 ut
1324 2127 1430 2190 supra.

286 2189 325 2252 In
342 2190 417 2252 festo
427 2189 565 2262 Paschae,
576 2191 774 2255 baccalaurei
784 2188 877 2273 juris,
893 2213 967 2254 cum
981 2191 1047 2254 suis
1062 2191 1267 2263 scholaribus
1279 2201 1313 2252 ut
1325 2212 1429 2274 supra.

288 2274 325 2337 ln
355 2277 432 2338 sesto
463 2276 666 2357 Pentecostes,
696 2277 851 2363 Magistri
880 2278 1006 2352 artium,
1038 2301 1112 2340 cum
1142 2276 1366 2348 baccalaureis,
1394 2287 1431 2338 ut

285 2383 389 2447 supra.
435 2362 471 2425 ln
493 2363 570 2426 festo
587 2363 815 2426 Translationis
836 2364 946 2428 Sancti
966 2365 1104 2443 Thomas,
1118 2362 1320 2427 baccalaurei
1338 2360 1432 2443 juris,

286 2469 360 2510 cum
385 2447 463 2523 suis]
474 2448 680 2529 scholaribus,
704 2461 868 2534 utsupra.
915 2449 951 2512 ln
972 2453 1048 2513 sesto
1067 2449 1299 2533 Assumptionis
1323 2449 1432 2511 Beatae

288 2533 415 2606 Mariae,
438 2532 586 2619 Magistri
609 2535 737 2610 artium,
761 2559 834 2597 cum
859 2535 1081 2604 baccalaureis
1096 2547 1131 2596 ut
1146 2557 1249 2617 supra.
1297 2535 1335 2596 In
1356 2534 1432 2597 sesto

285 2619 396 2681 Sancti
407 2619 582 2703 Augustini
592 2618 750 2689 Ductoris,
760 2616 1056 2699 baccalaureijuris,
1070 2641 1143 2679 curn
1153 2619 1220 2680 suis
1230 2618 1432 2691 scholaribus

286 2716 322 2766 ut
336 2725 440 2787 supra.
487 2703 527 2766 In
547 2703 624 2765 festo
650 2703 863 2766 Dedicationis
883 2703 1035 2781 ecclesiae,
1052 2702 1203 2786 Magistri
1223 2702 1338 2765 artium
1357 2726 1431 2764 cum

286 2786 509 2865 baccalaureis,
536 2799 572 2848 ut
597 2810 702 2872 supra.
758 2788 797 2851 In
826 2790 899 2851 festo
928 2788 1041 2851 Sancti
1071 2787 1275 2872 Hieronymi,
1300 2789 1432 2851 Patroni

285 2873 438 2947 ecclesiae,
455 2871 585 2935 baccala
625 2873 654 2935 ei
672 2871 765 2956 juris,
781 2898 855 2937 cum
879 2873 1072 2937 scholaribus
1092 2872 1169 2953 suis,
1185 2887 1220 2936 ut
1241 2896 1345 2957 supra.
1393 2874 1431 2935 In

286 2961 363 3021 testo
386 2957 576 3020 Animarum
586 2895 751 3045 Vllagistri
774 2961 900 3040 artium,
924 2982 999 3022 cum
1025 2958 1248 3038 baccalaureis,
1266 2970 1301 3022 ut
1324 2981 1429 3042 supra.

287 3042 325 3108 ln
351 3043 435 3106 sestis
459 3040 633 3125 majoribus
656 3045 845 3130 duplicatis,
869 3046 1016 3108 videlicet
1039 3045 1071 3109 in
1094 3047 1168 3107 festo
1195 3043 1432 3108 purificationis

285 3131 385 3193 beatae
402 3127 517 3192 Mariae
541 3128 692 3230 Virginis,
716 3131 913 3194 baccalaurei
932 3130 1026 3214 juris,
1042 3154 1116 3193 cum
1139 3130 1206 3194 suis
1227 3131 1430 3194 scholaribus,

288 3216 323 3278 ln
341 3218 414 3279 festo
429 3214 644 3287 Ascensioms,
658 3216 808 3302 Magistri
822 3217 953 3282 Artium
964 3216 1114 3300 juniores,
1131 3241 1204 3279 cum
1220 3216 1433 3280 baccalaureis

282 3301 474 3385 junioribus.
532 3300 572 3365 In
599 3304 673 3366 festo
698 3302 818 3367 Sanctae
848 3303 1027 3382 Trinitatis,
1057 3303 1275 3367 baccalaurei'
1282 3303 1374 3389 juris,
1395 3313 1431 3364 ut

286 3412 391 3473 supra.
445 3383 488 3452 In'
506 3387 584 3451 festo
606 3387 756 3472 Corporis
778 3388 911 3469 Christi,
938 3389 1089 3476 Magistri
1113 3390 1254 3469 Artium,
1270 3401 1306 3453 ut
1327 3411 1430 3473 supra.

286 3475 325 3538 In
341 3474 531 3539 Visitatioue
547 3475 644 3538 beatae
659 3474 774 3538 Marias
788 3475 942 3562 Virginis,
956 3475 1157 3540 baccalaurei
1167 3474 1262 3558 juris,
1278 3488 1314 3539 ut
1327 3497 1430 3559 supra,

288 3560 325 3624 In
341 3562 416 3624 festo
433 3559 666 3644 Reliquiarum,
684 3560 835 3645 Magistri
856 3561 981 3636 artium,
995 3572 1030 3624 ut
1045 3585 1147 3658 supra.
1194 3561 1232 3624 In
1244 3564 1318 3625 festo
1335 3561 1368 3625 N
1371 3561 1430 3623 ati·

285 3647 393 3709 vitatis
417 3647 525 3710 Beatae
548 3644 663 3708 Mariae
680 3645 835 3732 Virginis,
853 3647 1056 3714 ‚baccalaurei
1075 3647 1169 3730 juris,
1188 3659 1223 3710 ut
1243 3670 1345 3731 supra.
1390 3646 1429 3709 ln

196 3781 198 3784 ι
285 3736 363 3796 festo
380 3731 537 3796 Omnium
558 3731 755 3811 Sanctorum,
773 3732 924 3818 Magistri
942 3733 1069 3812 artium,
1083 3745 1118 3796 ut
1135 3755 1237 3818 supra.
1290 3731 1431 3793 Infestis

286 3817 461 3880 minoribus
487 3817 683 3901 duplicibus,
712 3830 848 3881 rectores
876 3819 958 3881 erint
986 3819 1103 3882 artium
1131 3816 1331 3880 baccalaurei
1356 3838 1429 3877 cum

285 3902 353 3965 suis
381 3902 588 3982 scholaribus,
614 3903 669 3974 vel,
696 3901 879 3985 hujusmodi
903 3903 1098 3968 scholaribus
1126 3925 1187 3966 non
1216 3901 1430 3973 existentibus,

286 3987 484 4052 baccalaurei
506 3990 621 4051 artium
646 4011 720 4050 cum
743 3988 877 4051 clericis.
922 3990 959 4052 In
981 3988 1055 4052 aliis
1070 3988 1217 4051 omnibus
1230 3987 1311 4050 festis
1325 3986 1429 4070 dupli·

286 4076 377 4137 cibus
399 4085 503 4137 tamen
528 4074 577 4137 vel
601 4073 798 4138 inferioribus
820 4073 1015 4158 duplicibus,
1031 4087 1165 4138 rectores
1186 4071 1249 4134 sint
1272 4071 1431 4136 scholares

286 4182 347 4225 nou
363 4158 520 4244 graduati‚
537 4161 586 4222 vel
600 4160 765 4243 capellani,
782 4183 855 4224 cum
873 4159 1007 4224 clericis.
1034 4215 1038 4222 .
1061 4159 1101 4224 ln
1120 4157 1300 4224 Dominicis
1321 4158 1431 4223 diebus
1482 4158 1488 4167 ’

285 4258 316 4310 et
340 4245 412 4309 aliis
435 4245 520 4308 iestis
543 4266 603 4308 uon
624 4245 823 4329 duplicibus,
849 4246 961 4309 clerici
983 4245 1046 4308 sint
1071 4254 1224 4308 rectores:
1264 4256 1368 4307 tamen
1398 4246 1431 4309 in
1501 4297 1504 4303 .

284 4331 369 4399 festis
382 4328 622 4416 principalibus,
635 4343 767 4415 quatuor
777 4332 889 4418 primae
897 4331 1045 4394 lectiones
1053 4331 1084 4394 le
1106 4342 1196 4394 antur
1211 4353 1268 4416 per
1282 4331 1432 4396 choristas

284 4431 315 4483 ot
338 4415 489 4493 clericos;
520 4416 664 4500 quintam
688 4416 772 4502 legat
797 4417 979 4504 capellanus
1004 4428 1034 4479 et
1053 4354 1203 4480 scholaris
1220 4437 1279 4482 non
1294 4419 1431 4505 gradua-

394 4572 483 4583 uun...
