3014 4898
63 604 71 619 ·
146 574 390 671 suasurus
412 602 471 667 or
493 602 587 669 nnn
609 598 749 669 sonas
772 601 998 679 contusa,
1024 599 1229 667 oxronn.

445 899 590 960 TABLE
611 899 667 960 OF
688 897 924 962 OHAPTERS.

134 1035 160 1091 1.
181 1028 229 1089 De
242 1048 362 1088 numero
382 1027 527 1090 Sociorum
540 1041 570 1091 et
588 1031 768 1091 scholarium.
809 1029 857 1090 De
879 1025 1014 1088 Custodia
1027 1026 1163 1088 electione

230 1112 426 1184 etjuramento
507 1142 1160 1169 ......
1204 1103 1242 1160 12

1195 969 1251 1020 Pto0

131 1193 159 1248 2.
181 1188 330 1247 Deforme
344 1199 372 1248 et
386 1199 441 1247 tem
464 1209 511 1248 ore
523 1190 646 1268 eligendi
661 1189 812 1262 scholares,
827 1198 855 1248 et
870 1207 944 1247 anno
957 1185 1162 1264 probationis
1204 1183 1244 1237 20

131 1273 160 1326 3
182 1268 227 1326 De
240 1268 333 1326 officio
350 1209 492 1340 Custodia,
506 1280 533 1328 et
547 1273 611 1347 ejus
624 1267 778 1328 residentia
894 1305 903 1325 .
1025 1308 1032 1325 .
1153 1301 1162 1318 ·
1203 1261 1243 1318 26

130 1350 159 1405 4.
182 1347 226 1405 De
240 1346 368 1422 portione
382 1347 513 1406 Custodia
1203 1337 1242 1398 27

132 1430 160 1484 5
181 1426 225 1484 De
239 1424 437 1483 Vicecustodis
450 1424 585 1486 electione
598 1437 627 1486 et
640 1426 773 1485 officio.
895 1464 903 1482 .
1154 1462 1163 1480 .
1203 1419 1243 1476 28

131 1509 160 1566 6.
183 1505 219 1562 ln
232 1503 337 1578 quibus
352 1501 426 1562 Socii
439 1514 468 1563 et
482 1505 620 1565 scholares
635 1505 748 1564 obedire
760 1505 863 1564 dehent
875 1503 1033 1564 Custodi.
1154 1540 1162 1555 ·
1203 1499 1244 1556 29

132 1581 161 1642 7.
182 1582 228 1640 De
240 1582 439 1642 bursarrorum
454 1583 613 1654 electione3
632 1593 662 1642 et
674 1601 775 1642 eorum
786 1582 877 1642 officro
892 1594 920 1642 et
930 1583 1093 1659 juramento
1154 1619 1162 1635 .
1204 1578 1244 1634 30

132 1667 161 1720 8.
182 1661 228 1719 De
243 1661 422 1720 Decanorum
437 1663 583 1735 electione,
596 1662 688 1722 officio
701 1673 730 1720 et
740 1663 903 1739 juramento
1023 1699 1031 1716 .
1153 1698 1161 1714 .
1203 1657 1240 1712 31

132 1745 161 1803 9.
182 1741 228 1798 De
243 1741 348 1799 mensis
365 1739 515 1800 Sociorum
531 1752 559 1802 ct
574 1709 747 1802 scholarium
769 1751 797 1799 et
820 1740 1042 1819 capellanorum,
1055 1745 1082 1798 et
1094 1755 1164 1810 qua·

232 1820 294 1878 liter
308 1821 343 1877 ad
356 1839 404 1878 eas
418 1822 516 1880 sedere
529 1821 652 1880 debeant
762 1861 770 1876 .
1025 1859 1033 1875 ·
1155 1814 1244 1870 ·32

115 1901 161 1956 10
184 1900 228 1958 De
242 1899 402 1958 communis
416 1898 564 1959 Sociorum
583 1910 611 1960 et
627 1898 797 1958 scholarium
813 1907 840 1958 et
855 1864 1065 1976 capellanonrm
1079 1897 1165 1973 septi·

231 1978 391 2035 manalibus
1206 1972 1244 2029 33
1341 2029 1352 2046 ‚

115 2059 162 2114 11.
183 2056 228 2114 De
248 2055 404 2190 sflenescallo
429 2059 502 2116 aulae
526 2057 650 2136 singulis
674 2056 1031 2135 septimanisdeputando,
1055 2054 1166 2126 atejus
1204 2130 1244 2186 34

231 2154 248 2191 o
280 2155 323 2192 cro
377 2169 1164 2193 .......

116 2216 162 2271 12.
185 2214 229 2272 De
242 2213 348 2272 lectura
362 2211 477 2284 Bibliae,
492 2233 526 2272 ac
539 2214 651 2273 silentio
664 2215 806 2274 tenendo'
799 2233 828 2271 rn
842 2213 907 2272 aula
1024 2250 1033 2267 .
1156 2247 1164 2263 ·
1206 2207 1245 2266 35

115 2293 162 2349 13.
185 2291 230 2349 De
243 2292 452 2350 extraneisnon
467 2257 703 2352 introducendis
697 2313 726 2351 rn
741 2293 836 2352 aulam
891 2332 899 2348 .
1022 2329 1030 2347 .
1155 2326 1162 2342 ·
1205 2287 1245 2344 36

116 2374 162 2428 14.
183 2370 229 2428 De
242 2369 487 2447 disputationibus
502 2368 650 2430 Sociorum
765 2416 772 2431 .
895 2411 903 2428 .
1025 2409 1033 2425 ·
1156 2405 1163 2421 ·
1205 2366 1245 2423 36

116 2453 162 2508 15.
183 2449 229 2507 De
243 2458 370 2526 tempore
383 2450 548 2508 assumendi
563 2450 669 2526 gradus
765 2492 772 2509 .
897 2489 905 2504 .
1028 2491 1034 2506 .
1156 2484 1164 2499 ·
1206 2445 1246 2501 38

116 2529 163 2586 16.
185 2527 230 2585 De
242 2535 369 2605 tempore
381 2529 542 2586 assumendi
556 2548 649 2587 sacros
661 2528 776 2588 ordines
897 2567 905 2583 .
1026 2565 1035 2583 .
1156 2560 1164 2577 ·
1208 2523 1247 2580 39

116 2607 162 2668 11.
185 2605 340 2664 Dehabitu
351 2605 499 2665 Sociorum
512 2617 540 2666 et
555 2607 724 2668 scholarium
765 2648 773 2664 .
895 2646 903 2663 .
1026 2644 1035 2661 .
1155 2638 1164 2656 ·
1206 2603 1247 2659 40

117 2690 164 2745 18.
185 2683 232 2742 De
247 2686 392 2743 communi
405 2704 501 2743 annua
516 2687 637 2745 vestium
652 2688 772 2745 liberata
895 2725 903 2742 .
1026 2725 1034 2741 ·
1157 2717 1164 2733 ·
1206 2681 1246 2738 42

50 2839 53 2843 ,
117 2768 164 2825 19.
186 2763 269 2833 Quod
284 2763 362 2824 Socii
376 2773 405 2822 et
418 2765 559 2824 scholares
572 2766 761 2826 sinclicentia
774 2783 833 2823 nou
847 2762 983 2823 devillent
1026 2804 1035 2821 .
1157 2796 1165 2812 ·
1206 2761 1245 2818 43

114 2845 163 2903 20.
186 2843 272 2913 Quod
282 2862 339 2901 non
353 2854 499 2904 exerceant
513 2845 599 2903 ludos
613 2845 787 2916 inhonestos,
801 2847 853 2903 dre.
896 2888 903 2903 .
1027 2881 1035 2898 ·
1157 2877 1166 2893 ·
1205 2839 1246 2896 44

114 2928 163 2983 21.
185 2922 269 2992 Quod
282 2941 338 2980 non
352 2923 410 2981 sint
423 2924 605 2983 seminatores
620 2924 828 2984 discordiarum
897 2963 905 2979 .
1027 2961 1035 2979 .
1157 2955 1165 2972 ·
1206 2919 1246 2977 45

114 3005 163 3060 22.
184 3003 230 3061 De
243 3002 327 3060 modo
340 3011 369 3060 et
383 3003 559 3079 temporibus
573 3005 674 3062 devote
688 3003 799 3062 dicendi
813 3003 896 3060 horas
909 3003 1072 3073 canonicas,
1088 3003 1141 3058 dcc.
1157 3035 1165 3050 ·
1207 2999 1246 3056 46

114 3082 163 3139 23.
185 3081 231 3139 Dc
245 3081 422 3139 orationibus
436 3081 471 3138 de
484 3101 567 3141 mane
580 3093 608 3141 et
622 3083 754 3142 denocte
768 3081 897 3140 dicendis
1026 3120 1034 3137 .
1156 3113 1166 3133 ·
1206 3079 1246 3135 49

114 3163 163 3219 24.
185 3160 229 3218 De
244 3159 316 3218 cista
328 3160 476 3218 communi
508 3193 1165 3218 ......
1206 3158 1247 3214 50

116 3243 164 3298 25.
185 3239 371 3297 Decustodia
385 3241 545 3298 communis
560 3240 658 3317 sigilli,
672 3241 726 3298 dcc.
768 3281 776 3296 .
898 3278 906 3294 .
1027 3278 1036 3296 .
1157 3276 1166 3291 .
1207 3237 1246 3292 52

115 3320 164 3376 26.
186 3320 234 3377 De
247 3317 371 3375 custodia
385 3315 526 3375 bonorum
540 3319 575 3376 ad
588 3318 729 3395 capellam
743 3318 935 3394 spectantium
1023 3357 1032 3373 .
1154 3352 1161 3368 .
1208 3315 1247 3371 54

116 3400 165 3455 27.
187 3397 231 3455 De
244 3395 328 3453 bonis
340 3405 369 3453 et
382 3396 609 3472 possessionibus
624 3397 745 3474 Collegii
759 3415 816 3454 non
835 3394 991 3454 vendendis
1007 3414 1056 3453 seu
1075 3393 1164 3453 alien·
1227 3471 1247 3528 6

235 3475 319 3531 andis
1207 3473 1225 3528 5

116 3554 165 3611 28.
187 3552 305 3622 Quod
296 3570 328 3610 m
349 3552 506 3630 majoribus
531 3552 653 3630 collegii
677 3552 802 3628 negotiis
826 3553 930 3612 Custos
952 3551 1077 3628 requirat
1096 3567 1166 3608 con·

235 3650 333 3689 sensus
347 3629 494 3690 Sociorum
507 3667 1167 3689 ......
1207 3626 1246 3687 57

117 3712 167 3769 29.
189 3712 234 3770 De
248 3711 432 3769 servientibus
451 3711 650 3770 communibus
770 3750 778 3767 .
901 3751 909 3768 .
1031 3748 1039 3765 .
1160 3749 1168 3767 .
1208 3708 1247 3765 58

117 3792 166 3849 30.
189 3790 234 3848 De
245 3791 352 3849 lectura
363 3797 532 3848 statutorum
547 3801 588 3849 ter
600 3809 631 3847 rn
642 3809 715 3848 anno
769 3829 777 3846 .
899 3829 907 3846 .
1029 3828 1037 3844 .
1158 3826 1165 3843 .
1208 3788 1248 3845 59

117 3872 167 3927 31.
187 3872 234 3929 De
249 3871 404 3928 visitatione
418 3871 609 3928 maneriorum
640 3906 1168 3927 .....
1208 3869 1244 3925 61
1261 3920 1268 3944 ,

119 3951 168 4006 32.
188 3951 234 4008 De
249 3947 409 4008 visitatione
422 3948 531 4006 domini
545 3947 760 4025 Archiepiscopi
901 3992 909 4007 .
1029 3987 1037 4002 .
1159 3986 1167 4003 .
1207 3947 1247 4004 63

119 4029 168 4086 33.
190 4029 309 4104 Propter
322 4047 394 4102 quas
407 4046 504 4086 causas
520 4030 624 4087 Custos
637 4026 722 4084 debet
735 4026 859 4084 amoveri
900 4070 907 4086 .
1030 4066 1038 4082 .
1159 4065 1167 4081 .
1209 4027 1247 4083 65

121 4108 171 4164 34.
193 4107 313 4186 Propter
326 4126 397 4183 quas
411 4123 514 4166 causas
527 4105 607 4167 Socii
619 4106 726 4164 dehent
739 4106 866 4164 amoveri
900 4144 909 4162 .
1030 4145 1038 4161 .
1160 4145 1169 4162 .
1209 4103 1249 4161 66
