3014 4898
357 240 494 330 Statutes
508 261 613 347 osAIl
631 258 723 326 Souis
741 257 867 345 Callope,
890 259 1020 346 Oaford.
1226 260 1269 327 27

114 432 306 515 Collegium,
333 448 404 517 post
429 434 620 496 electionem
644 445 675 494 et
701 433 938 514 praelectionem
966 432 1007 493 de
1032 451 1069 492 eo
1093 431 1218 503 factam,
1235 434 1271 495 in

114 520 278 602 praesentia
303 521 447 583 omnium
472 519 640 582 Sociorum
665 517 767 602 ipsius
789 517 928 600 Collegii
951 517 1168 601 praesentium,
1183 532 1271 582 ante·

115 627 210 690 quarn
227 606 262 667 in
276 606 449 669 Custodem
464 606 656 678 admittatur,
679 627 736 688 per
750 606 835 689 ipsos
861 603 1063 688 astringetur,
1079 617 1114 666 ut
1128 606 1271 688 praemit·

115 691 202 764 titur,
218 693 344 755 vinculo
354 691 542 775 juramenti.

420 903 501 986 Cap.
518 901 647 966 4.-De
656 904 797 987 portione
816 901 964 966 Custodia.

163 1036 254 1116 Item,
272 1036 349 1122 quia
362 1036 537 1102 Custodem
562 1037 758 1121 praedictum,
783 1037 903 1099 ratione
928 1035 1031 1100 officii
1055 1036 1116 1109 sui,
1138 1037 1271 1100 multam

117 1123 367 1207 diligentemque
386 1147 493 1186 curam
514 1123 709 1207 impendere,
725 1137 756 1186 et
776 1123 901 1184 labores
923 1145 1076 1206 perennes
1091 1123 1175 1185 circa
1190 1123 1270 1207 ejus·

118 1210 192 1272 dem
217 1209 358 1290 Collegii
383 1210 510 1293 negotia
535 1233 600 1294 proe
624 1210 748 1273 caeteris
772 1208 891 1286 subire,
907 1209 1078 1290 oportebit,
1094 1211 1272 1286 statuimus,

119 1296 297 1358 ordinamus
323 1310 354 1358 et
368 1297 524 1375 volumus,
541 1297 626 1379 quod
650 1319 707 1380 pro
731 1318 788 1359 sua
806 1295 958 1379 pensione
974 1313 1005 1358 et
1032 1296 1146 1358 salario
1161 1297 1272 1359 decem
1285 1320 1370 1384 Salary
1382 1323 1410 1370 ,s

119 1405 240 1444 marcas
262 1383 496 1464 sterlingorum,
521 1383 604 1445 ultra
629 1406 666 1444 ea
689 1405 759 1466 quae
785 1382 916 1444 interius
936 1382 1001 1443 sibi
1027 1382 1217 1459 limitantur,
1242 1396 1274 1444 et
1287 1387 1398 1434 werden.

119 1490 187 1552 quae
203 1469 242 1529 de
253 1467 326 1550 jure
343 1482 529 1531 statutorum
544 1483 573 1531 et
588 1469 822 1530 ordinationum
838 1467 919 1529 dicti
937 1467 1075 1553 Collegii
1089 1469 1150 1531 erit
1164 1491 1272 1552 recep-

119 1567 208 1616 turus
223 1555 264 1614 de
281 1555 370 1616 bonis
396 1555 619 1616 communibus
643 1553 795 1637 ejusdem,
815 1555 856 1615 011
871 1567 1003 1637 quatuor
1025 1554 1097 1616 anni
1113 1557 1273 1626 terminos,

119 1663 177 1724 per
184 1664 296 1703 manus
307 1642 517 1703 bursariorum
531 1640 587 1724 qui
595 1663 653 1724 pro
668 1654 807 1724 tempore
820 1640 944 1711 fuerint,
956 1640 1102 1724 recipiat,
1113 1642 1274 1723 aequaliter

119 1727 351 1810 persolvendas.
397 1727 560 1799 Volentes,
585 1740 745 1810 praterea,
761 1727 846 1811 quod
869 1725 933 1787 sint
954 1734 1017 1788 tres
1041 1727 1117 1808 equi
1143 1750 1273 1811 compe·
1285 1748 1368 1797 dorse
1379 1748 1428 1796 and

119 1827 219 1875 tentes
243 1836 301 1896 pro
326 1814 411 1876 dicto
435 1813 573 1876 Custode
593 1836 630 1875 ac
656 1813 762 1876 Sociis
785 1810 925 1894 ejusdem
948 1811 1091 1896 Collegii
1114 1812 1149 1875 in
1173 1814 1274 1897 ipsius
1285 1812 1378 1860 hames

120 1899 263 1982 Collegii
289 1901 429 1986 negotiis
444 1901 684 1975 laborantibus,
708 1922 830 1961 necnon
853 1899 949 1969 sellae,
966 1898 1063 1960 sraena
1077 1910 1108 1960 et
1133 1898 1274 1961 hernisia
1285 1876 1395 1926 fflmd·

120 1986 306 2057 necessaria,
329 2009 387 2070 pro
410 1987 502 2068 equis
525 1986 652 2056 eisdem,
675 1986 774 2070 pretii
797 1985 1017 2068 competentia,
1041 1982 1133 2066 juxta
1152 1985 1273 2047 discre-

120 2072 222 2134 tiones
238 2084 269 2134 et
284 2073 451 2135 arbitrium
475 2073 576 2156 ipsius
591 2071 753 2150 Custodia,
770 2070 1008 2149 Vicecustodis,
1025 2070 1227 2133 Decanomm
1243 2086 1275 2134 et

120 2159 345 2235 bursariorum,
371 2159 429 2241 qui
459 2179 517 2241 pro
542 2173 683 2241 tempore
712 2158 838 2234 fuerint,
862 2157 1039 2222 limitandis
1073 2180 1130 2240 pro
1156 2157 1275 2240 quibus

120 2245 269 2306 omnibus
286 2244 436 2327 siugulis,
452 2258 515 2306 tam
540 2244 576 2306 in
590 2245 808 2326 emptionibus
823 2265 918 2325 quam
940 2243 1194 2306 renovationibus
1217 2264 1274 2306 seu

121 2329 354 2392 mutationibus
380 2331 561 2400 eorundem,
584 2329 670 2391 sicut
692 2344 725 2392 et
749 2342 842 2413 prout
864 2351 901 2390 ac
917 2329 1044 2410 quoties
1067 2351 1147 2412 opus
1169 2328 1273 2407 suerit,

121 2436 242 2477 necnon
268 2437 327 2498 pro
349 2415 468 2500 pabulo
492 2437 547 2498 pro
572 2415 665 2497 equis
694 2414 866 2500 praedictis,
890 2413 1039 2476 satisfieri
1064 2414 1211 2477 volumus
1234 2416 1274 2476 de

122 2501 215 2563 bonis
229 2501 453 2563 communibus
467 2500 609 2582 Collegii
628 2500 806 2564 memorati.
854 2500 986 2563 Habeat
1011 2515 1120 2585 atque,¹
1130 2500 1272 2584 insuper,
1286 2532 1360 2586 clert
1372 2548 1398 2581 or
1408 2546 1454 2582 „„

123 2587 210 2650 1110111
233 2587 359 2659 Custos,
386 2609 445 2669 pro
467 2610 526 2649 suo
555 2601 586 2649 et
615 2587 756 2669 Collegii
785 2588 903 2649 honore
927 2586 1151 2660 confirmando,
1175 2609 1273 2650 unum
1285 2597 1469 2648 vanttoauend

122 2673 272 2736 clericum
288 2695 344 2735 seu
358 2674 459 2737 alium
476 2673 663 2735 servientem
685 2674 862 2745 honestum,
874 2672 931 2756 qui
946 2672 1012 2735 sibi
1035 2673 1067 2734 in
1082 2695 1225 2735 mensam
1241 2675 1275 2736 in
1286 2679 1317 2713 ⁰¹²
1329 2662 1443 2712 werden.

122 2760 196 2822 aula
211 2774 243 2821 et
258 2782 383 2823 camera
408 2781 465 2822 sua
480 2759 618 2842 aliisque
644 2758 723 2822 locis
739 2759 847 2822 debite
867 2782 904 2820 ac
923 2759 1091 2842 diligenter
1105 2760 1272 2839 1100011101,

124 2847 208 2908 01001
224 2846 331 2920 decet3
355 2869 413 2930 pro
429 2844 519 2928 cujus
535 2846 652 2909 salario
674 2846 859 2928 (dummodo
882 2867 1040 2909 summam
1056 2846 1177 2931 viginti
1198 2846 1273 2909 soli-

122 2934 234 2995 dorum
250 2933 285 2994 in
300 2944 366 2994 toto
382 2955 442 2994 non
460 2934 616 3015 excedat),
631 2955 668 2994 ac
683 2933 773 2995 victu
788 2946 819 2993 et
830 2932 956 3002 vestitu,
968 2932 1117 2995 satisfieri
1128 2934 1274 2996 volumus

82 3046 84 3050 ·
123 3020 220 3082 etiam
235 3021 274 3081 de
289 3019 381 3082 bonis
396 3018 619 3082 communibus
634 3018 776 3100 Collegii
792 3018 976 3102 supradicti.
1020 3018 1105 3081 Cum
1118 3042 1192 3081 vero
1207 3019 1273 3082 1110-
1286 3026 1430 3074 attendants
1440 3039 1471 3074 on

124 3118 192 3168 turn
216 3105 403 3183 Custodem,
421 3104 513 3188 juxta
527 3106 738 3168 ordinationes
761 3118 792 3166 et
819 3118 931 3168 statuta
950 3104 1104 3188 Collegii,
1124 3119 1178 3168 aut
1193 3106 1273 3167 alias
1286 3090 1470 3203 llgf‘dt‘nwgffi

124 3194 164 3254 de
179 3193 385 3271 avisamento,
398 3191 529 3255 consilio
544 3204 576 3253 et
599 3214 763 3269 consensu,
776 3190 1010 3261 Vicecustodis,
1025 3189 1229 3254 Decanomm
1244 3206 1275 3253 01
1285 3169 1474 3280 1,,ξῖῃὲῗῃω,

122 3279 345 3349 111110011001111,
357 3278 392 3340 10
406 3277 541 3359 negotiis
556 3277 698 3358 Collegii
707 3292 794 3339 extra
808 3277 918 3340 villam
932 3276 1148 3340 Oxoniensem
1163 3278 1275 3339 abesse
1285 3283 1333 3331 and
1346 3281 1407 3330 their
1417 3297 1459 3332 ex·

123 3365 300 3448 oportebit;
324 3384 387 3446 quo
402 3386 485 3441 casu,
502 3378 613 3445 praeter
622 3364 809 3447 pradictum
824 3363 1012 3426 servientem
1024 3385 1116 3424 suum
1128 3377 1159 3424 et
1173 3363 1272 3426 alium
1286 3363 1374 3410 ΡΜ·

124 3450 165 3512 011
174 3450 346 3512 custodiam
356 3470 508 3531 equorum
518 3449 710 3530 deputatum,
719 3470 817 3511 unum
828 3448 958 3511 Socium
971 3448 1153 3527 discretum,
1163 3459 1273 3533 aptum

125 3548 157 3597 et
180 3535 456 3618 circumspectum,
481 3535 597 3596 adhoc
618 3557 675 3616 per
698 3534 884 3606 Custodem,
905 3533 1150 3596 Vicecustodem
1175 3546 1205 3596 et
1219 3556 1273 3596 sex

125 3620 236 3687 Socios
265 3619 405 3703 ejusdem
420 3619 571 3700 Collegii,
595 3620 746 3682 1111011001
773 3633 836 3681 1100
856 3617 984 3702 juristae
1007 3630 1039 3682 et
1063 3635 1125 3682 tres
1146 3620 1273 3683 artistas

126 3708 276 3785 seniores,
295 3707 490 3788 eligendum,
500 3707 540 3769 ad
554 3705 764 3769 assistendum
777 3706 881 3769 eidem
897 3706 1043 3784 Custodi,
1058 3707 1211 3790 quamdiu
1226 3705 1274 3767 sic

125 3798 239 3858 absens
255 3793 360 3866 suerit,
375 3793 501 3876 quoties
524 3806 556 3854 et
571 3793 696 3874 quando
721 3815 801 3876 opus
822 3793 927 3868 suerit,
942 3792 1099 3874 assignari
1120 3791 1274 3855 volumus.

125 3882 189 3946 Pro
212 3881 361 3943 omnibus
386 3878 534 3963 expensis
559 3879 638 3954 suis,
656 3879 733 3941 dicti
758 3879 846 3941 Socii
870 3892 901 3940 et
924 3878 1116 3941 servientum
1138 3878 1275 3963 praedic-

125 3983 241 4046 torum,
257 3967 455 4050 aliorumque
477 3988 583 4028 secum
608 3965 642 4029 10
658 3964 754 4028 dictis
778 3964 915 4046 negotiis
931 3963 1071 4045 Collegii
1097 3965 1275 4027 necessario

126 4054 349 4131 laborantium,
366 4075 490 4116 necnon
513 4052 647 4115 aliomm
663 4074 718 4136 per
741 4051 847 4136 ipsum
862 4073 920 4134 pro
941 4050 1092 4122 utilitate,
1109 4052 1276 4114 commodo

127 4158 156 4203 et
171 4143 300 4213 honore,
315 4140 396 4202 dicti
410 4138 553 4222 Collegii
579 4138 823 4212 invitandorum,
838 4136 1022 4219 Collegium
1043 4136 1190 4199 debonis
1207 4138 1275 4200 suits

127 4227 300 4290 satisfaciet
315 4241 346 4288 et
360 4225 525 4310 persolvet.
572 4224 707 4287 Proviso
723 4247 850 4308 semper
865 4225 949 4308 quod
960 4223 1117 4308 parcellas
1131 4224 1275 4287 omnium

127 4335 330 4394 expensarum
345 4313 526 4398 hujusmodi
541 4332 598 4395 per
613 4310 716 4394 ipsum
741 4311 774 4372 in
792 4311 931 4374 absentia
946 4311 1110 4388 saetarum,
1129 4310 1210 4371 infra
1224 4331 1276 4372 sex

127 4399 194 4461 dies
219 4416 384 4482 postquam
402 4400 528 4461 redierit
542 4398 583 4459 ad
602 4396 790 4482 Collegium,
814 4397 905 4461 dictis
919 4397 1068 4460 burseriis
1081 4408 1221 4480 praestet3
1245 4410 1276 4458 et

126 4485 220 4546 etiarn
246 4486 303 4546 sub
331 4509 422 4568 poena
450 4485 622 4548 amissionis
646 4506 851 4568 expensarum
870 4484 1009 4546 omnium
1033 4483 1275 4566 praemissarum.
1309 4526 1405 4634 Δ
