3014 4898
372 371 509 440 Statores
523 373 562 456 of
569 369 628 435 All
643 370 736 438 soon
755 371 880 460 volupe,
902 373 1032 460 Oeford.
1228 376 1266 441 4t

123 546 206 608 infra
221 543 329 608 villam
344 543 558 608 Oxoniensem
580 542 630 605 vel
645 543 796 607 suburbia
818 543 970 628 ejusdem,
985 557 1015 609 et
1031 562 1092 610 non
1117 546 1208 619 ultra,
1228 548 1271 610 ire

124 631 170 693 vel
195 632 339 694 incedere
365 630 536 714 contingat,
560 630 655 712 capis,
682 629 843 710 chimeris,
863 632 1032 705 mantellis,
1055 645 1207 718 praetextu
1222 633 1272 695 in·

123 718 303 802 captionum
325 716 463 794 usitatis,
486 737 540 777 seu
562 715 701 778 tabardis
729 717 841 801 longis,
862 728 893 779 et
916 719 999 805 togis
1021 719 1176 783 talaribus
1198 741 1270 781 cum

122 805 257 889 capiciis
268 806 399 868 furrurat
405 803 433 864 is
447 801 514 864 sive
529 801 709 885 duplicatis,
720 825 828 864 eorum
840 803 1002 887 gradibus,
1012 805 1185 867 secundum
1200 805 1272 866 lau-

122 891 263 953 dabilem
288 888 545 952 consuetudinem
574 886 802 950 Universitatis
829 889 998 973 pradictae,
1014 891 1064 952 vel
1087 890 1271 954 armilansis

123 998 196 1039 cum
213 976 350 1056 capiciis
371 975 489 1051 subtus,
506 969 624 1036 indutis
638 973 725 1036 Socii
739 987 771 1035 et
793 974 951 1038 scholares
968 976 1113 1061 graduati
1127 976 1271 1061 superius

123 1063 301 1127 induantur.
346 1061 422 1126 Non
447 1060 595 1146 graduati
619 1081 783 1124 varocum
806 1060 990 1124 armilansis
1014 1073 1045 1123 et
1061 1063 1204 1147 capieris,
1224 1076 1270 1141 ut,

122 1148 336 1231 praemittitur,
364 1146 474 1210 subtus
508 1146 639 1224 indutis,
665 1147 791 1209 omnino
819 1146 974 1210 incedant.
1030 1148 1211 1223 Enimvero,
1240 1149 1271 1211 si
1285 1163 1357 1212 Dra·
1367 1169 1410 1212 out
1420 1166 1446 1213 ot

120 1246 209 1296 extra
225 1235 336 1297 villam
359 1234 405 1296 vel
421 1232 569 1296 suburbia
588 1231 745 1317 praedicta,
759 1232 889 1296 etiamsi
904 1235 984 1297 infra
996 1235 1194 1307 milliarium,
1210 1234 1271 1296 ali·
1282 1225 1321 1276 ²¹¹⁰
1331 1232 1402 1277 ‘⁰'ss-

121 1342 216 1405 quem
241 1320 402 1386 Sociorum
418 1318 467 1382 vel
490 1316 683 1381 scholarium
708 1320 936 1403 praedictorum,
955 1321 1177 1402 graduatorum
1203 1321 1271 1383 sive

121 1429 184 1469 non
200 1407 433 1492 graduatorum,
451 1426 548 1468 causa
565 1403 767 1468 recreationis
781 1404 832 1467 vel
847 1405 913 1468 alia
927 1428 1117 1491 quacunque
1130 1407 1269 1486 honesta,

122 1493 169 1556 ire
184 1494 357 1578 contigerit,
371 1501 447 1554 tuuc
462 1488 547 1575 ipso's
561 1501 593 1552 et
605 1490 748 1574 ipsorum
763 1491 937 1574 quemlibet
953 1493 1023 1555 sine
1039 1493 1145 1557 habitu
1158 1514 1215 1555 suo
1230 1492 1270 1555 de

121 1601 184 1661 quo
212 1579 416 1664 praemittitur
445 1576 590 1639 incedere
619 1576 855 1659 permittimus3
886 1579 972 1651 dum,
1000 1590 1118 1658 tamen,
1148 1581 1270 1664 absque

121 1686 217 1727 morae
241 1663 412 1748 dispendio
435 1663 475 1725 ad
492 1660 674 1748 Collegium
700 1675 880 1728 revertatur.
928 1664 1203 1750 Prohibemusque‚
1220 1666 1270 1728 iu·
1283 1683 1486 1749 Dmacoordiog

122 1772 228 1833 super,
254 1772 290 1813 ne
304 1749 440 1833 quisque
465 1760 571 1810 utatur
595 1749 728 1811 tabardo
754 1751 908 1813 furrurato
933 1750 1002 1813 sive
1027 1753 1188 1835 penulato,
1203 1747 1421 1815 nisiwdegrea.

121 1837 210 1918 prius
237 1837 271 1899 in
287 1835 458 1905 medicina,
472 1844 528 1896 aut
546 1832 617 1916 jure
638 1835 786 1900 canonico
809 1835 859 1898 vel
878 1836 980 1914 civili,
996 1849 1051 1899 aut
1075 1860 1166 1900 sacra
1183 1837 1270 1900 theo-

122 1920 220 2008 logia,
236 1922 417 1986 licentiatus
433 1920 534 1996 fuerit,
549 1921 682 1983 formam
709 1919 906 1985 Doctoratus
920 1923 951 1984 iu
963 1921 1035 2005 jure
1055 1925 1206 1988 canonico
1219 1925 1271 1987 vel
1322 1932 1325 1936 ’

120 2009 199 2072 civili
215 2021 270 2072 aut
284 2030 372 2072 sacra
386 2008 544 2092 theologia
565 2006 773 2091 compleverit,
788 2021 842 2071 aut
859 2009 981 2072 realiter
1003 2010 1151 2095 inceperit
1166 2012 1195 2072 in
1213 2010 1272 2074 eli·

120 2116 182 2179 quo
205 2095 389 2161 eorundem.
434 2093 533 2157 Tenis
548 2114 618 2156 vero
633 2093 696 2156 sine
716 2094 857 2172 buzzetis,
874 2093 1044 2181 vulgariter
1066 2096 1157 2160 dictis
1171 2099 1270 2175 liures,

119 2182 213 2265 nigris
243 2194 364 2245 tantum
394 2181 438 2242 eis
461 2180 507 2241 uti
535 2180 742 2263 permittimus
767 2181 799 2243 in
828 2181 932 2259 choro,
963 2204 983 2245 a
1003 2184 1081 2245 festo
1106 2182 1272 2247 Michaelis

120 2265 313 2352 Archangeli
328 2287 427 2350 usque
443 2265 483 2327 ad
500 2264 613 2327 festum
629 2264 766 2343 Pascha,
777 2276 808 2329 et
821 2288 880 2330 non
896 2267 972 2330 alias
988 2280 1043 2330 aut
1059 2268 1134 2330 alibi
1150 2271 1271 2351 quovis-

119 2352 224 2432 modo,
241 2354 297 2415 nisi
313 2352 489 2414 sacerdotes
504 2351 618 2412 fuerint
633 2350 681 2414 vel
696 2349 849 2414 Doctores
864 2353 895 2414 in
918 2352 1024 2437 aliqua
1040 2353 1194 2425 facultate,
1208 2356 1271 2417 sive

121 2438 267 2523 Magistri
293 2438 416 2500 Artium
440 2449 494 2499 aut
525 2433 719 2498 baccalaurei
741 2437 821 2519 juris
844 2439 982 2501 canonici
1008 2438 1056 2500 vel
1085 2439 1192 2512 civille,
1216 2443 1269 2524 qui

119 2524 196 2585 tenis
220 2523 284 2587 sive
310 2524 445 2586 buzzetis
476 2519 657 2604 hujusmodi
687 2523 853 2607 antiquitus
877 2525 1051 2588 utebantur.
1095 2525 1177 2588 Aliis
1200 2547 1295 2590 vero,

118 2610 252 2672 vestibus
280 2623 310 2672 et
339 2608 555 2672 calceamentis
578 2628 631 2669 eos
655 2609 701 2670 uti
725 2619 755 2670 et
783 2620 941 2671 tonsuram
966 2609 1126 2673 decentem
1152 2610 1272 2674 deferre

119 2694 269 2766 volumus,
287 2696 366 2759 sicut
381 2716 488 2758 eorum
516 2693 673 2756 honestati
688 2695 827 2756 convenit
849 2695 992 2768 clericali,
1009 2708 1041 2759 et
1055 2701 1148 2780 prout
1169 2697 1270 2760 dicta·

119 2783 215 2844 verint
229 2781 380 2845 canonicae
395 2781 567 2844 sanctiones
582 2789 616 2844 et
630 2779 700 2842 aliae
715 2778 872 2862 majorum
893 2783 1120 2847 constitutiones
1134 2785 1223 2847 cditae
1238 2785 1269 2846 in

117 2867 176 2930 hac
199 2881 297 2951 parte.
341 2867 503 2951 Extraque
519 2888 579 2930 non
603 2866 672 2946 soli,
694 2867 760 2929 sine
785 2867 876 2931 Socio
890 2869 936 2933 vel
959 2869 1090 2934 scholari
1105 2870 1177 2932 dicti
1192 2869 1269 2934 Col·
1281 2887 1397 2948 waiting
1406 2888 1484 2954 alone,

117 2953 201 3040 legii,
230 2966 283 3016 aut
311 2975 374 3016 uno
402 2954 442 3015 de
472 2954 691 3016 communibus
718 2954 916 3023 servientibus
943 2953 1092 3038 ejusdem,
1122 2978 1176 3018 seu
1205 2953 1359 3020 aliooutof
1368 2952 1474 3016 ⁰⁰¹¹&-

117 3041 216 3102 aetatis
230 3050 362 3104 maturae
375 3039 487 3104 comite
505 3061 565 3103 non
581 3051 732 3122 suspecto,
747 3040 887 3103 modesto
902 3043 996 3104 modo
1019 3041 1170 3120 incedant,
1187 3065 1268 3127 prae·

118 3137 259 3210 terquam
283 3127 323 3189 ad
349 3126 568 3211 processiones,
583 3125 727 3190 ecclesias
753 3124 801 3190 vel
823 3126 956 3201 scholas,
972 3150 1027 3191 seu
1051 3129 1091 3191 ad
1115 3128 1221 3191 aulam
1236 3130 1267 3192 in

117 3235 181 3296 qua
194 3236 247 3276 eos
271 3236 324 3276 seu
350 3234 458 3275 eorum
484 3212 623 3298 aliquem
652 3211 777 3275 lecturae
800 3212 988 3279 scholarium
1013 3214 1171 3277 intendere
1194 3236 1267 3277 con-

116 3300 231 3383 tinget;
254 3311 327 3360 tuuc
339 3300 420 3360 enirn
437 3299 519 3382 ipsos
534 3299 613 3360 solos
628 3295 674 3360 ire
689 3299 904 3380 permittimus,
922 3300 947 3362 si
986 3320 1019 3361 ro
1034 3311 1106 3363 tunc
1121 3299 1266 3364 comiteur

115 3383 290 3467 hujusmodi
306 3384 422 3446 habere
438 3405 497 3444 non
512 3394 655 3467 poterunt
670 3383 751 3445 bono
762 3385 868 3449 modo.
905 3322 1265 3468 Prohibemuaiusuper,
1280 3392 1404 3454 wearing
1415 3409 1478 3441 arms

117 3470 263 3532 omnibus
272 3481 301 3531 et
315 3468 439 3554 singulis
449 3468 545 3530 Sociis
556 3480 587 3530 et
597 3467 791 3532 scholaribus
801 3470 990 3552 supradictis,
999 3492 1038 3531 ne
1049 3470 1179 3555 gladioS,
1189 3471 1265 3553 tela,

116 3555 207 3628 sicas,
222 3556 360 3639 dageria,
374 3555 519 3638 longosve
538 3552 691 3627 cultellos,
716 3575 770 3615 seu
793 3575 882 3616 arma
898 3577 1093 3638 quaecuuque
1112 3555 1265 3635 invasiva,

117 3640 164 3702 vel
185 3639 352 3716 defensiva,
368 3638 449 3702 iufra
463 3638 582 3702 dictum
599 3638 776 3724 Collegium
794 3638 842 3701 vel
864 3657 963 3713 extra,
977 3640 1057 3705 infra
1070 3638 1264 3705 Universita-

115 3736 179 3788 tem
209 3738 239 3785 et
269 3725 405 3808 spatium
435 3725 657 3808 supradictum,
686 3724 808 3788 deferre
833 3739 1034 3811 presumant,
1064 3726 1190 3811 publice
1216 3729 1265 3791 vel

116 3812 255 3888 occulte3
279 3810 384 3872 nisiex
400 3831 495 3872 causa
517 3811 695 3884 necessaria,
713 3811 779 3873 utili
795 3834 851 3874 seu
875 3813 1009 3888 honesta,
1025 3835 1079 3897 per
1094 3811 1265 3876 Custodem

116 3909 146 3958 et
174 3899 339 3961 Decanum
355 3894 511 3959 facultatis
532 3917 607 3974 suae,
629 3919 691 3968 seu,
707 3896 846 3960 Custode
871 3901 1005 3977 absente,
1032 3920 1090 3983 per
1116 3898 1262 3962 Vicecus-

117 3984 222 4045 todem
237 3997 267 4045 et
295 3983 455 4044 Decanum
480 3981 675 4066 praedictum,
690 3985 908 4068 approbanda.
952 3985 1059 4069 Siquis
1073 4007 1145 4049 vero
1168 3985 1263 4069 hujus
1273 3998 1384 4066 Penalty.

115 4070 223 4132 statuti
245 4069 276 4131 in
298 4067 405 4153 aliqua
432 4068 589 4150 particula
612 4081 815 4154 transgressor
835 4071 933 4144 fuerit,
955 4093 1027 4133 eum
1049 4093 1069 4132 a
1091 4074 1264 4136 communis

115 4156 186 4218 dicti
212 4155 349 4240 Collegii
371 4155 526 4238 suspendi,
556 4177 733 4238 perunum
756 4156 838 4218 diem
867 4179 922 4219 seu
951 4156 1069 4242 plures,
1098 4169 1156 4220 aut
1184 4158 1265 4222 alias

115 4243 238 4326 gravius
253 4242 368 4326 puniri,
392 4241 545 4319 volumus,
561 4243 635 4306 sicut
652 4241 784 4307 Custodi
808 4252 840 4304 et
870 4244 994 4306 Decano
1016 4242 1173 4307 facultatis
1186 4266 1262 4324 suae,
1293 4241 1301 4257 ⁸

115 4339 179 4395 aut,
197 4325 346 4408 Custode
353 4329 486 4400 absente,
503 4326 705 4392 Vicecustodi
718 4341 748 4391 et
764 4329 891 4391 Decano
904 4350 961 4392 suo
975 4330 1132 4413 praedicto,
1147 4328 1264 4392 melius

115 4412 265 4475 videbitur
288 4414 443 4496 expedire.
487 4413 634 4497 Spatium
648 4435 721 4478 vero
744 4415 837 4480 unius
853 4415 994 4479 milliaris
1018 4417 1102 4479 circa
1126 4415 1425 4498 Univer-Bqundorye

113 4499 237 4561 sitatenr
253 4500 445 4583 praedictam,
461 4501 490 4562 in
506 4501 634 4563 australi
650 4517 736 4585 parte
752 4503 907 4586 usquead
933 4525 1061 4566 crucem
1076 4524 1169 4585 super
1185 4524 1262 4584 pon-
1273 4486 1333 4600 3¹¹²
1342 4489 1420 4539 mund

114 4589 179 4646 tem
209 4606 314 4646 versus
347 4585 479 4672 Bagley,
510 4587 544 4649 in
573 4587 763 4651 occidentali
793 4610 892 4673 usque
921 4589 962 4652 ad
992 4588 1194 4652 hamelettam
1224 4588 1264 4651 de
1298 4567 1345 4603 ἠ’
