3014 4898
227 249 271 313 20
478 248 613 316 Stntuter
627 254 666 337 of
674 251 732 315 All
745 251 837 317 Soulr
856 249 981 337 Collega
1003 251 1133 337 Onford.

229 458 309 542 Cap.
335 461 464 524 ‘le-De
490 462 585 530 modo,
611 471 639 524 et
650 463 760 544 formu
783 483 820 523 nc
844 472 982 545 tempore,
1007 462 1138 549 eligendi
1163 460 1323 526 Soliolnres
1350 463 1384 523 r'n

270 548 384 610 dictum
404 546 568 632 Collegium
588 549 632 610 ud
653 550 744 610 unius
767 549 842 610 anni
859 549 1087 632 probationem
1111 560 1139 613 et
1153 549 1295 634 qualiter,
1313 560 1384 632 post

271 634 385 695 dictum
407 655 520 696 urinum
536 635 737 719 probotionis,
762 632 922 698 Salutares
942 636 1115 720 hujusmodi
1137 645 1329 699 assumentur
1351 636 1384 697 in

272 719 376 787 Socios
384 742 396 792 ,·
419 730 448 781 et
448 725 560 804 forma
564 723 738 803 juramenti
750 722 919 784 eorundem.

275 854 366 926 item,
380 855 455 938 quia
469 877 593 917 summe
616 855 800 918 affectamur
820 870 850 917 et
868 855 1009 918 volumus
1025 856 1110 939 quod
1135 878 1283 918 numerus
1296 854 1384 919 Soci-

228 963 317 1004 orum
332 954 361 1004 et
377 941 564 1003 scholarium
582 943 707 1004 indicto
723 941 876 1026 Collegio,
891 964 948 1025 per
974 964 1028 1004 nos
1052 944 1197 1025 superius
1222 943 1382 1012 limitatus,

229 1026 319 1110 plene
331 1050 367 1089 ac
384 1027 514 1110 perfecte
528 1050 583 1111 per
600 1026 660 1089 Dei
677 1029 812 1110 gratiam
839 1029 996 1113 perpetuis
1012 1029 1121 1090 futuris
1140 1030 1332 1109 temporibus
1346 1030 1384 1091 sit

231 1114 418 1196 completus;
443 1115 618 1191 statuimus,
645 1113 823 1176 ordinamus
847 1126 876 1175 et
904 1115 1051 1190 volumus,
1073 1114 1158 1198 quod
1182 1115 1211 1176 si
1237 1136 1385 1176 numerus

16 1229 149 1280 Timum
230 1200 395 1262 Sociorum
418 1210 449 1261 et
471 1198 660 1261 scholarium
693 1200 922 1282 praeliatorum,
947 1201 978 1260 in
999 1223 1061 1263 uno
1084 1200 1130 1262 vel
1155 1200 1303 1282 pluribus,
1328 1223 1383 1283 per

18 1294 158 1372 incurreret
231 1296 370 1355 mortem,
397 1286 578 1356 cessionem,
610 1285 857 1370 resignationem,
888 1308 1040 1349 recessum
1067 1286 1169 1365 totale,
1194 1297 1249 1348 aut
1277 1288 1383 1369 priva·

17 1357 187 1471 5¹⁰⁰t¹¹de⁰¹⁰
230 1371 345 1433 tionem
362 1372 488 1454 alicujus
502 1374 561 1433 sive
578 1372 755 1454 aliquorum
772 1373 934 1434 Sociorum
949 1373 993 1434 vel
1015 1373 1204 1436 scholarium
1221 1374 1383 1456 praedicto-

19 1439 138 1540 smffm
232 1479 312 1527 rum,
332 1469 387 1518 aut
399 1458 476 1519 alias
493 1457 753 1542 qualitercunque,
768 1457 939 1520 diminutus
956 1461 1045 1521 fuerit
1061 1459 1090 1521 in
1105 1459 1211 1544 aliqua
1225 1461 1382 1534 facultate,

231 1544 361 1628 singulis
376 1544 478 1621 annis,
493 1545 524 1604 in
547 1545 678 1606 crastino
695 1543 1013 1608 Commemorationis
1030 1545 1229 1615 Animarum,
1247 1545 1295 1607 vel
1310 1546 1385 1606 infra

204 1641 292 1691 'tres
320 1630 388 1691 dies
413 1632 555 1712 proxime
584 1643 657 1692 tunc
681 1641 851 1714 sequentes,
874 1653 932 1713 pro
962 1630 1155 1715 suppletione
1185 1632 1305 1692 numeri
1338 1632 1382 1692 sic

231 1714 387 1795 diminuti,
411 1717 443 1777 in
468 1737 656 1800 quacunque
682 1718 773 1778 fuerit
790 1716 946 1792 facultate,
971 1717 1073 1778 modis
1099 1728 1129 1779 et
1152 1716 1260 1778 formis
1284 1717 1381 1778 infra·

230 1801 323 1864 dictis
348 1803 546 1885 procedatur.
592 1801 748 1878 Videlicet,
763 1804 847 1885 quod
868 1802 985 1866 Custos
1010 1824 1117 1864 omnes
1133 1802 1239 1865 Socios
1255 1802 1287 1864 in
1304 1802 1382 1865 Uni·

230 1889 375 1951 versitate
397 1902 566 1971 praesentes
582 1888 612 1949 in
629 1887 735 1950 aulam
751 1900 897 1952 convocet
913 1887 1047 1975 Collegii
1064 1889 1245 1972 supradicti,
1263 1901 1382 1952 votum·

228 1995 289 2056 que
304 1996 399 2036 sunm
412 1997 517 2037 coram
529 1975 664 2037 Decauis
675 1974 812 2050 emittat3
829 1997 876 2046 ao,
889 1975 1014 2047 deinde,
1030 1997 1085 2058 per
1096 1976 1241 2038 Decanos
1256 1974 1383 2036 eosdem

230 2082 289 2142 pro
312 2071 454 2143 tempore
473 2061 648 2136 existentes,
674 2073 745 2123 vota
768 2083 826 2122 sua
850 2082 957 2124 coram
978 2084 1015 2124 eo
1031 2073 1180 2144 praeseute
1204 2062 1382 2146 dirigentes,

230 2146 372 2209 omnium
387 2146 518 2209 aliorum
531 2158 562 2208 et
578 2146 773 2233 singulorum
787 2147 948 2211 Sociorum
963 2160 1038 2209 tunc
1053 2148 1165 2211 ibidem
1181 2148 1382 2230 praesentium

230 2246 299 2294 vota
314 2231 448 2295 fideliter
462 2233 553 2295 faeiat
566 2234 761 2317 perscrutari,
778 2234 874 2299 donec
896 2255 951 2317 per
969 2231 1121 2317 majorem
1146 2244 1271 2316 partem
1289 2230 1383 2316 juris-

230 2330 333 2381 tarum
358 2341 394 2382 ac
422 2319 518 2381 etiam
543 2321 733 2398 artistarum,
757 2319 913 2383 Sociomm
941 2321 1014 2383 dicti
1041 2318 1182 2404 Collegii,
1206 2331 1279 2383 tunc
1305 2342 1382 2405 pree-

231 2408 377 2478 seutium,
402 2428 499 2489 supra
519 2408 728 2472 nominatione
752 2407 940 2470 scholarium
963 2406 1173 2470 deficientium
1197 2408 1290 2469 fuerit
1312 2429 1383 2470 con-

231 2493 404 2555 cordatum.
453 2495 503 2572 Et,
518 2505 599 2565 tunc,
615 2496 699 2558 idem
715 2494 830 2559 Custos
853 2506 898 2556 tot
911 2494 1047 2578 juristas
1062 2493 1093 2554 in
1110 2493 1177 2555 loco
1188 2490 1384 2575 juristarum,

146 2649 149 2656 Ι
231 2591 262 2638 et
285 2579 412 2640 artistns
436 2579 464 2642 in
493 2581 558 2642 loco
575 2581 779 2645 deficientium
807 2581 993 2651 artistarum,
1015 2601 1072 2662 per
1097 2579 1204 2660 ipsum
1233 2576 1384 2659 majorem

232 2675 356 2745 partem
370 2663 541 2738 Sociomm,
558 2681 593 2729 ut
609 2669 820 2751 praemittitur,
836 2666 1022 2736 nominatos,
1038 2663 1079 2726 de
1097 2662 1276 2726 melioribus
1300 2663 1383 2743 ipso·

233 2769 302 2811 rum
315 2750 541 2815 nominantium
558 2776 634 2818 sano
645 2754 764 2840 judicio
776 2751 1046 2836 habilioribusque,
1060 2770 1178 2811 necnon
1193 2750 1233 2812 ad
1245 2749 1384 2811 studium

232 2834 452 2901 scholasticum
468 2843 571 2925 magis
588 2846 678 2926 aptis,
694 2844 724 2905 in
738 2842 808 2927 ipsa
822 2838 1030 2905 Universitate
1045 2835 1214 2899 Osoniensi
1234 2834 1383 2896 studenti-

231 2921 300 2994 bus,
315 2925 368 3004 qui
382 2923 542 2989 decimum
567 2931 734 3013 septimum
760 2950 875 2991 annum
899 2923 1123 3008 compleverint
1148 2932 1178 2984 et
1201 2921 1384 2984 vicesimum

233 3018 354 3070 sertum
369 3032 428 3073 non
439 3018 634 3089 excesserint,
650 3019 706 3081 sub
721 3016 825 3085 modo,
836 3014 938 3075 forma
952 3027 980 3074 et
995 3008 1233 3095 provisionibus,
1245 3009 1386 3090 superius

232 3107 264 3156 et
293 3095 418 3160 inferius
444 3099 618 3186 descriptis,
645 3104 751 3182 statim
781 3103 900 3183 absque
930 3097 992 3160 alia
1022 3096 1201 3159 solennitate
1226 3095 1324 3178 eligat
1354 3105 1386 3158 et

233 3194 381 3255 assumat,
409 3201 484 3268 quot
514 3190 683 3275 suppleant
706 3179 893 3272 juristarum
921 3197 950 3248 et
981 3184 1160 3247 artistarum
1192 3181 1384 3244 deficientem

24 3275 208 3332 Quatifleauons
234 3284 399 3332 numerum
414 3277 638 3358 supradictum.
676 3275 855 3344 statuentes,
868 3286 1023 3357 praeterea,
1039 3269 1124 3354 quod
1139 3268 1215 3332 nulli
1230 3266 1386 3330 scholares

23 3340 189 3455 ‘⁰¹³⁰lfflm
235 3352 266 3414 in
288 3356 470 3438 praedictum
498 3360 677 3449 Collegium
706 3363 867 3448 eligantur,
898 3358 958 3422 nisi
987 3359 1040 3442 qui
1069 3355 1250 3419 rudimentis
1279 3376 1386 3438 gram-

104 3438 138 3485 ’ἲ
235 3442 357 3506 maticae
380 3445 576 3522 sufficienter,
594 3467 624 3514 et
649 3453 681 3514 in
703 3450 797 3536 plano
820 3458 913 3510 cantu
937 3453 1153 3527 competenter,
1170 3441 1256 3525 prius
1274 3440 1386 3501 fuerint

191 3549 193 3552 ’
235 3527 357 3600 eruditi,
377 3542 408 3592 et
431 3535 494 3617 qui,
512 3537 647 3617 primam
670 3551 829 3602 tonsuram
855 3531 1030 3595 clericalem
1056 3529 1211 3601 habentes
1227 3527 1267 3589 ad
1283 3547 1386 3587 sacer-

109 3633 114 3640 ·
133 3618 136 3625 ‘
234 3610 355 3676 dotium
371 3617 431 3678 sint
453 3619 573 3683 habiles
588 3637 619 3685 et
636 3623 786 3708 dispositi,
801 3621 905 3682 liberae
920 3617 1105 3679 conditionis
1129 3624 1162 3676 et
1186 3613 1224 3675 de
1243 3612 1385 3695 legitimo

234 3699 431 3763 matrimonio
446 3706 527 3776 nati,
551 3708 638 3770 bonis
662 3707 889 3770 conditionibus
908 3714 940 3765 et
954 3703 1092 3766 moribus
1115 3697 1280 3782 perornati,
1296 3717 1333 3756 ac
1355 3694 1385 3753 in

233 3783 336 3843 studio
348 3787 499 3867 proficere
522 3794 685 3877 cupientes,
701 3806 729 3853 et
748 3794 778 3852 in
795 3792 912 3872 reipsa
936 3787 1152 3870 proficientes:
1174 3781 1224 3863 qui
1241 3781 1337 3840 etiam
1353 3779 1384 3839 in

232 3865 376 3930 facultate
392 3871 509 3936 artium
527 3879 565 3958 (si
581 3879 620 3940 de
635 3880 817 3941 artistarum
832 3874 976 3951 numero)
994 3869 1044 3933 vel
1058 3869 1089 3929 in
1101 3865 1172 3949 jure
1187 3863 1266 3928 civili
1280 3876 1334 3924 aut
1349 3862 1384 3925 iu

233 3952 381 4015 facultate
405 3959 520 4021 artium
537 3972 568 4026 et
585 3961 655 4044 jure
676 3961 759 4022 civili
781 3960 824 4037 (si
841 3960 878 4020 de
889 3955 1071 4037 juristarum
1096 3970 1224 4012 numero
1248 3970 1314 4010 esse
1330 3948 1384 4011 de·

230 4035 335 4119 beant)
359 4041 444 4123 prius
465 4057 527 4106 tres
543 4068 640 4108 annos
660 4044 699 4106 ad
714 4043 822 4105 minus
842 4040 980 4101 habeant
997 4041 1028 4098 in
1045 4035 1253 4100 Universitate
1268 4035 1383 4098 Oxoni-

17 4120 191 4174 1³⁰&fo
230 4123 300 4186 ensi
315 4128 502 4207 supradicta.
548 4129 643 4202 Quod
657 4130 694 4198 si,
708 4128 788 4188 infra
812 4125 976 4208 pradictos
990 4123 1068 4192 dies,
1084 4121 1188 4183 dictus
1206 4119 1310 4183 totalis
1329 4145 1384 4184 nu·

12 4187 203 4315 ffiy‘lfvss
231 4231 336 4272 merus
358 4233 419 4273 non
437 4215 542 4294 fuerit,
559 4216 653 4278 modo
677 4222 711 4274 et
728 4213 826 4273 forma
845 4209 884 4270 de
908 4209 1022 4290 quibus
1046 4206 1195 4290 superius
1212 4221 1244 4268 et
1259 4208 1386 4272 inferius

16 4313 64 4364 den
74 4316 124 4364 md
135 4316 192 4368 Fet.
224 4295 352 4379 dicitur,
364 4297 490 4362 realiter
505 4301 719 4384 perimpletus,
730 4306 842 4358 extunc
858 4294 1022 4378 praedictos
1035 4294 1219 4366 Custodem,
1231 4293 1385 4358 Vicecus-
1414 4335 1416 4338 -

15 4379 88 4457 rom,
104 4382 153 4458 φᾶ
224 4383 337 4446 todem
356 4395 386 4446 et
409 4384 520 4449 Socios
549 4385 723 4469 pradictus,
753 4382 956 4468 negligentes,
977 4390 1130 4465 potestate
1150 4382 1330 4445 nominandi
1349 4394 1385 4443 ,et

13 4451 166 4561 m
176 4447 210 4512 bl
226 4468 368 4556 eligendi
385 4492 422 4533 ea
434 4470 501 4535 vice
514 4473 588 4536 illos
603 4472 654 4554 qui
669 4470 788 4532 (lictum
805 4466 995 4531 deficientem
1013 4467 1193 4553 supplerent
1209 4489 1385 4542 numerum,

9 4571 102 4636 throp.
