3014 4898
361 276 620 379 satrapea
634 293 726 361 sono
745 293 870 381 corma,
893 264 1028 380 oxforaj·
1217 295 1260 366 37

114 465 280 546 senarium,
295 469 385 532 omni
399 467 452 530 die
467 489 527 532 non
539 467 646 529 festivo
661 466 694 528 in
715 465 806 551 pleno
830 467 972 540 termino,
996 468 1144 553 alioquin,
1167 468 1193 533 si
1216 480 1262 531 tot

115 573 172 613 non
197 554 323 632 fuerint,
347 554 518 619 dummodo
541 554 705 636 pauciores
728 575 824 638 quam
849 567 908 615 tres
930 566 1092 637 praesentes
1115 577 1175 619 non
1190 556 1260 634 sint,

114 639 203 700 omni
230 654 341 722 quarta
366 641 444 703 feria
467 654 498 702 et
525 639 662 702 Sabbato
686 639 719 700 in
736 638 831 721 pleno
847 639 980 702 termino
993 643 1260 726 contingentibus,

115 725 149 786 in
166 725 240 787 dicti
258 723 392 811 Collegii
407 725 482 788 aula
497 736 552 788 aut
567 725 629 787 alio
644 723 713 786 loco
729 725 936 797 conveniente,
958 748 1066 789 omnes
1088 741 1119 790 et
1142 728 1261 814 singuli

116 823 193 872 tunc
210 812 238 873 in
257 809 464 875 Universitate
479 823 653 896 praesentes,
669 811 864 887 conveniant,
880 822 911 872 et
924 812 1119 897 sophismata
1134 813 1215 877 inter
1228 837 1261 876 se

116 897 279 978 disputent
295 910 405 960 mutuo
420 909 451 960 et
470 897 544 961 hinc
566 897 649 960 inde.
694 895 902 959 Baccalaurei
928 921 1002 962 vero
1024 900 1059 962 in
1085 901 1204 964 artibus
1228 900 1261 963 in
1273 922 1318 971 Dis
1352 923 1438 972 radon

116 982 376 1066 Quadragesima,
393 985 479 1047 omni
494 983 548 1045 die
561 982 703 1054 Veneris,
719 982 793 1046 aliis
806 1004 878 1046 vero
892 985 1087 1067 temporibus
1106 986 1142 1048 in
1164 986 1261 1070 pleno
1273 986 1323 1035 ΒΜ
1339 986 1400 1037 e¹⁰rs
1412 987 1438 1035 in

115 1068 250 1132 termino
276 1070 362 1132 omni
388 1081 499 1153 quarta
526 1069 600 1131 feria
623 1081 653 1131 et
674 1067 824 1148 Sabbato,
851 1069 887 1133 in
910 1070 983 1132 aula
997 1071 1099 1155 ipsius
1113 1070 1261 1158 Collegii,
1275 1055 1337 1103 Μ’·

115 1167 281 1217 teneantur
303 1158 489 1239 quaestiones
520 1178 575 1217 seu
603 1155 804 1238 problemata,
834 1156 1010 1218 secundum
1041 1158 1261 1221 discretionem
1337 1232 1339 1237 .

117 1240 244 1303 Decani
257 1243 317 1321 sui,
332 1242 480 1305 similiter
493 1241 673 1325 disputare3
689 1241 743 1320 sic,
755 1240 910 1320 videlicet,
926 1242 1009 1323 quod
1022 1243 1262 1308 determinaturi

117 1327 149 1388 in
173 1328 292 1390 artibus
318 1329 478 1412 disputent
502 1328 664 1390 materiam
687 1349 784 1411 quam
806 1342 984 1411 proponunt
1006 1329 1207 1393 determinare
1230 1333 1264 1393 in

117 1413 364 1498 Quadragesima
388 1415 531 1497 proxime
556 1425 636 1476 tunc
665 1425 821 1496 sequente,
853 1413 920 1476 loco
949 1415 1179 1498 problematum
1208 1436 1280 1479 seu·

117 1499 327 1582 quaestionum
354 1501 593 1584 praedictarum
616 1511 645 1561 et
671 1499 730 1563 hoc
749 1499 829 1562 inter
848 1502 962 1563 festum
986 1501 1096 1564 Sancti
1112 1501 1267 1585 Dionysii

117 1600 148 1646 et
163 1586 301 1668 primum
316 1587 400 1648 diem
414 1585 686 1670 Quadragesimae;
713 1586 801 1647 toties
823 1586 946 1668 quoties
970 1608 1026 1670 per
1048 1586 1221 1651 Custodem
1236 1600 1268 1652 et

119 1670 288 1734 Decanum
315 1673 457 1736 artistam
484 1693 549 1748 seu,
567 1670 706 1735 Custode
731 1670 868 1750 absente,
893 1693 949 1754 per
969 1672 1213 1738 Vicecustodem
1237 1685 1268 1738 et

118 1757 287 1820 Decanum
307 1759 503 1842 preadictum,
524 1757 640 1820 fuerint
656 1757 813 1843 assignati.
858 1756 950 1839 Item,
970 1756 1057 1843 quod
1078 1759 1201 1845 singuli
1225 1761 1267 1823 ad

118 1844 238 1923 minus,
268 1846 496 1929 impedimento
525 1854 666 1906 cessante
702 1842 856 1928 legitimo,
889 1845 933 1906 sic
963 1857 1010 1906 ter
1039 1845 1206 1930 disputent
1235 1859 1267 1909 et

119 1931 339 2010 determinent,
369 1932 395 1993 si
428 1943 554 2015 tempus
588 1928 778 2014 praedictum
809 1929 851 1992 ad
884 1929 944 1993 hoc
973 1931 1108 1994 sufficiat
1137 1933 1267 2016 quovis·

36 2054 42 2071 ι
120 2016 224 2090 modo.
271 2017 410 2097 Proviso,
434 2018 528 2101 quod,
551 2016 583 2078 in
606 2015 738 2100 singulis
764 2014 944 2098 hujusmodi
967 2017 1214 2102 problematibus
1237 2032 1267 2081 et

118 2103 347 2187 quaestionibus
372 2117 401 2167 et
427 2102 747 2182 determinationibus,
772 2103 820 2164 vel
844 2103 955 2165 saltem
982 2104 1015 2165 in
1041 2127 1106 2167 una
1130 2106 1267 2168 aliarum

119 2189 383 2272 disputationum,
408 2210 445 2252 ao
469 2189 566 2252 etiam
591 2189 626 2250 in
650 2209 711 2250 uno
736 2187 928 2272 sophismate
953 2212 1008 2252 seu
1034 2212 1098 2253 uua
1125 2191 1266 2275 disputa·

119 2277 204 2337 tione
233 2275 454 2358 sophistarum,
483 2275 518 2336 in
547 2274 724 2358 septimana
746 2273 896 2357 qualibet,
925 2297 1033 2339 omnes
1063 2277 1208 2362 graduati
1235 2278 1268 2338 in

120 2361 241 2423 artibus
271 2361 306 2423 in
334 2359 546 2424 Universitate
572 2372 747 2444 praesentes,
777 2358 914 2422 Custode
938 2376 969 2423 et·
992 2361 1186 2424 Doctoribus
1216 2385 1268 2424 ex-

121 2447 226 2530 ceptis,
249 2471 268 2508 a
290 2446 453 2530 principio
478 2447 510 2507 in
538 2446 632 2507 finem
653 2444 853 2530 personaliter
873 2447 1024 2526 intersint,
1048 2447 1110 2509 nisi
1131 2448 1268 2510 rationa-

119 2532 212 2596 bilem
225 2554 353 2595 causam
366 2531 516 2596 absentiae
530 2531 662 2593 Decano
677 2530 817 2593 artistam
832 2533 1010 2608 ostendant,
1020 2556 1078 2617 per
1087 2532 1268 2614 Custodem,

121 2631 177 2679 aut
200 2641 236 2681 eo
260 2618 388 2680 absente
415 2617 668 2696 Vicecustodem,
695 2625 727 2682 et
749 2617 920 2680 Decanum
945 2619 1132 2703 praedictum
1156 2621 1269 2683 merito

121 2704 380 2787 approbandam:
406 2705 560 2788 quodque,
586 2703 615 2765 si
638 2723 788 2766 numerus
807 2703 1083 2768 baccalaureorum
1098 2707 1134 2768 in
1148 2707 1270 2770 artibus

121 2790 156 2852 in
171 2789 255 2853 dicto
270 2789 415 2875 Collegio
428 2812 596 2852 numerum
611 2789 773 2852 senarium
788 2810 852 2852 non
867 2790 1012 2874 attingat,
1029 2800 1108 2855 tunc
1122 2791 1271 2857 volumus

121 2877 204 2960 quod
219 2875 365 2961 magistri
378 2890 517 2962 regentes
532 2875 568 2938 in
583 2876 691 2938 eadem
713 2875 871 2955 facultate,
898 2876 1019 2962 singuli
1043 2879 1111 2941 suis
1133 2878 1270 2959 vicibuS,

122 2985 196 3025 cum
219 2961 433 3025 baccalaureis
450 2963 617 3046 disputent,
633 2961 752 3025 eisdem
777 2963 868 3025 modo
883 2974 913 3024 et
927 2964 1037 3025 ordine
1056 2965 1175 3049 quibus
1195 2989 1269 3028 cum

121 3049 238 3111 eisdem
266 3049 506 3132 disputaverant
528 3059 698 3132 antequam
721 3047 900 3110 cathedram
922 3050 1127 3114 ascenderant
1146 3051 1270 3136 Magis·

122 3133 254 3199 tralem:
282 3149 314 3197 ut
335 3134 486 3220 Magistri
509 3147 615 3196 tamen
638 3146 779 3216 regentes
799 3133 982 3217 hujusmodi
997 3136 1033 3197 in
1048 3138 1188 3221 praefatis
1204 3138 1271 3200 dis·

123 3221 346 3305 putationibus
370 3219 569 3304 responsales
594 3219 682 3299 fiant,
712 3241 767 3283 eos
793 3243 848 3304 per
872 3242 1006 3303 praesens
1031 3237 1185 3285 statutum
1212 3246 1268 3285 no-

123 3308 232 3370 lumus
255 3318 421 3369 coarctare.
468 3305 506 3368 ln
525 3306 723 3388 'temporibus
746 3328 815 3368 rero
839 3328 964 3392 magnae
987 3309 1172 3388 vacationis,
1196 3319 1268 3391 post
1280 3336 1442 3386 Buchelon'd

123 3393 236 3455 festum
252 3391 483 3455 Translationis
496 3389 608 3454 Sancti
623 3391 755 3455 Thomae
769 3392 918 3475 martyris
940 3393 1159 3474 contingentis,
1182 3395 1267 3477 quod
1279 3400 1398 3464 patariam
1407 3402 1439 3477 in·

121 3493 198 3539 tunc
214 3498 324 3538 omnes
346 3475 569 3539 baccalaureos
598 3476 766 3558 praedictos
793 3477 920 3539 lecturae
944 3477 1124 3540 intrinsecae
1147 3479 1182 3540 in
1207 3480 1267 3542 sci·
1280 3465 1441 3514 ⁶¹⁰⁸¹V³⁰⁸⁸¹

123 3563 221 3625 antiis
233 3561 472 3645 particularibus
485 3562 646 3624 intendere
661 3562 810 3624 volumus
821 3586 829 3638 ;
846 3562 901 3625 cui
913 3564 1010 3624 etiam
1021 3587 1129 3626 omnes
1144 3566 1268 3627 artistas

122 3648 203 3710 dicti
217 3646 368 3732 Collegii,
386 3647 526 3710 Custode
539 3658 569 3708 et
583 3647 777 3710 Doctoribus
791 3648 941 3733 exceptis,
956 3649 1104 3712 similiter
1119 3651 1268 3713 interesse

123 3734 309 3808 statuimus3
331 3732 459 3795 unicam
474 3746 596 3795 tantum
608 3732 855 3814 disputationem
871 3734 906 3796 in
922 3735 1106 3818 septimana,
1119 3759 1214 3820 usque
1228 3738 1269 3799 ad

123 3824 237 3885 festum
261 3819 502 3903 Assumptionis
527 3822 627 3881 beatae
647 3817 760 3882 Mariae
776 3819 932 3904 Virginis,
956 3841 1009 3882 eos
1025 3821 1125 3884 iacere
1139 3824 1268 3920 permit-

124 3908 223 3972 timus
242 3916 272 3968 e't
287 3916 398 3969 tenere.
443 3904 465 3968 J
468 3905 574 3968 uristae
588 3926 661 3966 vero
676 3904 757 3966 dicti
772 3903 921 3987 Collegii,
937 3907 973 3968 in
988 3906 1112 3992 capella
1126 3910 1268 3992 ejusdem
1282 3925 1442 4002 preparatione

123 4007 177 4058 aut
199 3992 282 4055 alibi
307 3991 342 4055 in
369 3990 437 4054 loeo
464 3990 668 4069 convenienti,
689 3988 782 4073 juxta
807 3992 1029 4055 discretionem
1059 3992 1212 4058 Custodis
1240 4013 1270 4058 et
1281 3992 1376 4042 ³⁰¹¹&-

124 4079 251 4145 Decani
269 4076 393 4164 juristae
417 4077 597 4156 limitando,
623 4077 713 4139 omni
736 4077 788 4138 die
813 4077 947 4140 Sabbati
972 4079 1005 4168 in
1025 4079 1120 4162 pleno
1136 4082 1270 4145 termino

124 4166 334 4250 contingente,
366 4187 461 4226 unam
487 4164 733 4248 disputationem
758 4162 838 4225 inter
860 4186 901 4242 se,
925 4165 965 4227 de
989 4167 1213 4249 quaestionibus
1242 4182 1272 4231 et

124 4253 217 4315 lactis
238 4252 382 4334 ipsorum
397 4251 561 4313 facultates
585 4272 639 4311 seu
655 4248 804 4312 scientias
819 4252 1092 4331 concernentibus,
1116 4253 1273 4332 habeant3

125 4339 224 4401 etiam
250 4337 286 4399 in
316 4348 457 4420 tempore
486 4337 579 4400 dictae
606 4358 729 4416 magnae
755 4337 940 4415 vacationis,
966 4361 1065 4420 usque
1091 4340 1132 4402 ad
1160 4342 1272 4403 festum

127 4422 365 4505 Assumptionis
394 4422 500 4486 Beatae
526 4421 671 4506 Virginis
700 4423 945 4505 supradictum3
977 4425 1031 4486 cui
1060 4425 1273 4508 disputationi

51 4590 53 4593 ι
126 4531 233 4572 omnes
265 4508 422 4571 scholares
451 4521 481 4570 et
494 4582 498 4589 ,
500 4508 621 4581 Socios
639 4504 782 4590 juristae,
808 4509 1028 4574 baccalaureos
1052 4525 1084 4574 et
1108 4511 1373 4640 Doctores*
