3014 4898
362 355 499 422 &emtas
512 360 553 439 os
564 355 623 419 All
635 354 728 421 soon
745 353 869 440 Callope,
892 353 1019 438 Orford.
1222 352 1265 418 39

116 525 252 590 medium
269 548 385 590 annum
398 549 417 590 a
428 520 567 611 tempore
577 525 814 590 denuntiationis
824 524 971 589 Custodia
982 525 1029 589 vel
1040 525 1265 599 Vicecustodis‚

116 612 246 684 absente
268 615 416 694 Custode,
441 614 583 678 continue
608 612 849 676 numerandum.
880 612 1105 696 impedimento
1131 625 1266 676 cessante

115 697 266 783 legitimo,
285 699 406 786 judicio
428 699 577 766 Custodia
599 698 648 762 vel
669 698 886 762 Vicecustodis
900 714 930 760 et
948 697 1073 782 majoris
1087 699 1181 786 partis
1195 721 1266 784 gra-

116 784 284 848 duatorum
311 787 531 870 praedictorum
557 783 773 870 approband0,
804 784 925 847 realiter
953 784 1086 870 incipere
1116 796 1265 849 teneatur.

115 871 149 932 Si
165 892 236 934 vero
250 893 344 955 super
359 870 540 957 cujusquam
555 870 711 934 dictorum
733 871 898 934 Sociorum
912 871 1031 955 gradus
1045 871 1266 955 assumptione,

114 957 145 1019 in
160 959 261 1020 forma
276 957 437 1041 praedicta,
453 959 535 1020 infra
548 980 646 1020 unum
661 957 744 1020 diem
760 979 822 1020 non
845 957 956 1042 poterit
980 955 1171 1028 concordari,
1194 970 1266 1021 tunc

115 1043 183 1128 ipse
196 1065 253 1127 pro
268 1042 374 1106 babile
389 1044 579 1108 sufficienter
591 1055 621 1106 et
636 1043 748 1106 idoneo
763 1043 804 1106 ad
819 1045 952 1129 gradum
969 1037 1035 1106 tam
1049 1043 1080 1105 in
1097 1043 1170 1127 jure
1184 1042 1265 1107 civili

114 1151 208 1213 quam
223 1129 338 1212 injure
352 1131 501 1194 aentonico
515 1130 749 1205 assumendum,
768 1131 929 1205 habeatur,
949 1151 1042 1211 quem
1064 1131 1135 1192 dnae
1158 1139 1265 1212 partes

114 1217 257 1278 omniurn
272 1215 434 1279 Sociorum
449 1216 628 1278 artistarum
645 1216 763 1279 duxerit
778 1216 1030 1301 approbandum,
1052 1216 1112 1277 sub
1126 1214 1264 1299 ipsorum

114 1302 214 1365 debito
236 1301 355 1387 praefati
374 1300 561 1384 juramenti:
583 1301 672 1365 nulla
693 1304 792 1386 gratia
813 1323 908 1385 super
923 1302 1098 1364 remissione
1113 1305 1265 1384 temporis

116 1401 247 1451 autnon
263 1384 478 1471 completionis
494 1391 617 1463 formae3
636 1401 748 1472 praeter
759 1411 856 1474 quam
869 1388 900 1450 in
914 1389 1012 1451 forma
1021 1387 1263 1460 canonistarum,

115 1496 188 1536 cum
213 1475 325 1558 quibus
347 1474 517 1559 dispensari
547 1475 755 1558 permittimus
779 1493 814 1536 nt
840 1496 900 1538 non
925 1484 1083 1538 teneantur
1101 1472 1209 1557 jurare
1231 1495 1263 1537 se

116 1560 270 1623 audivisse
297 1560 476 1624 Decretales
500 1562 667 1645 complete,
692 1582 729 1624 ac
752 1562 846 1624 etiam
868 1561 952 1647 quod
967 1559 1162 1624 decretorum
1178 1560 1263 1625 Doc-

116 1657 196 1708 tores
221 1656 468 1709 conteneantur
491 1667 601 1731 regere
617 1648 655 1708 'in
678 1643 825 1722 decretis3
850 1646 1109 1732 qualitercunque
1129 1646 1173 1708 eis
1191 1668 1263 1711 con·

117 1752 209 1804 cessa,
225 1731 460 1815 quomodolibet
472 1732 604 1795 valitura
618 1733 753 1806 eisdem3
776 1755 848 1818 qua,
865 1733 921 1796 etsi
936 1733 1071 1806 forsitan,
1095 1732 1135 1794 ad
1148 1733 1265 1796 instan-

117 1818 206 1896 tiam,
222 1819 405 1902 petitionem
421 1818 468 1881 vel
485 1819 749 1903 supplicationem,
775 1840 1030 1902 quarumcunque
1052 1839 1264 1902 personarum,

117 1904 178 1966 sibi
193 1925 343 1976 concessa,
364 1904 452 1968 nullo
466 1905 561 1969 modo
574 1907 731 1991 gaudeant
746 1906 792 1968 vel
807 1906 851 1970 uti
866 1914 1062 1990 praesumant.
1107 1903 1170 1966 Per
1184 1926 1264 1989 prae-
1277 1925 1417 1990 Unirmity

118 1993 214 2053 missa
229 2011 291 2053 non
306 1990 491 2055 intendimus
504 1993 675 2076 prohibere,
696 1991 772 2075 quin
795 2004 946 2078 regentes,
971 1989 1181 2073 cujuscunque
1202 1990 1364 2055 tuscum

119 2079 181 2140 rint
196 2077 358 2156 facultate,
382 2079 560 2161 quindecim
575 2079 685 2143 diebus
700 2078 732 2141 in
745 2098 838 2150 anno,
855 2079 997 2162 quodque
1013 2081 1044 2139 in
1063 2075 1138 2161 jure
1151 2077 1265 2140 bacca·

117 2162 213 2226 laurei
236 2164 318 2247 quod
348 2165 557 2246 responsiones
586 2186 692 2227 eorum
718 2166 748 2226 in
776 2164 935 2249 Vesperiis
964 2164 1075 2228 cedant
1104 2163 1179 2247 ipsis
1209 2184 1266 2246 pro

119 2249 363 2333 responsionibus
374 2249 566 2330 formalibus,
579 2265 608 2312 et
620 2251 650 2313 in
662 2251 781 2312 artibus
792 2250 990 2314 baccalaurei
1003 2271 1098 2333 super
1111 2249 1275 2312 auditione

119 2336 208 2397 unius
233 2335 304 2398 libri
329 2357 384 2418 pro
403 2335 476 2414 alio,
501 2337 609 2422 gratiis
633 2358 689 2421 per
714 2335 951 2400 Universitatem
976 2336 1128 2399 concessis
1149 2335 1265 2398 eisdem
1279 2349 1417 2400 Muantn

120 2419 255 2484 valeant.
299 2421 489 2500 statuentes,
513 2423 647 2508 insuper,
670 2423 754 2505 quod
772 2421 905 2506 quilibet
920 2422 1076 2506 Magister
1089 2424 1121 2485 in
1137 2421 1266 2496 artibus,
1280 2419 1337 2464 Λή*
1347 2424 1372 2463 ¹⁰
1382 2415 1456 2478 Μ]

119 2506 225 2568 statim
242 2519 407 2590 postquam
420 2508 626 2570 necessariam
638 2509 810 2590 regentiam
825 2507 1035 2592 compleverit,
1050 2523 1080 2570 et
1095 2517 1157 2570 tres
1170 2528 1267 2570 annos
1304 2479 1398 2542 ‘⁰¹⁰⁹'

119 2591 212 2670 ultra,
236 2593 277 2654 ad
293 2592 472 2655 facultatem
485 2592 649 2680 theologiae
663 2592 748 2656 illico
762 2615 793 2656 se
809 2606 987 2657 convertere
1000 2594 1110 2657 debeat
1125 2604 1155 2655 et
1171 2593 1267 2656 etiam

119 2690 271 2742 teneatur.
326 2676 547 2761 Volentesqne,
575 2690 732 2764 praterea,
762 2680 855 2764 quod,
888 2679 1128 2764 quotiescunque
1156 2679 1268 2763 aliquis
1280 2694 1461 2759 Accompenyin

119 2765 230 2829 Socios
245 2763 379 2850 Collegii
391 2764 530 2849 praedicti
546 2767 587 2828 ad
600 2764 737 2853 gradum
749 2765 961 2851 recipiendum
977 2763 1153 2830 licentiatus
1168 2765 1267 2836 fuerit,
1281 2778 1296 2809 ²
1306 2759 1394 2836 rollo-
1408 2759 1433 2807 ³¹¹

120 2874 194 2915 cum
219 2852 349 2937 gradum
375 2849 555 2935 hujusmodi
579 2852 737 2935 receperit,
752 2863 782 2914 et
804 2853 835 2914 in
853 2850 923 2935 ejus
937 2862 1008 2914 actu
1021 2852 1213 2938 inceptionis,
1230 2873 1270 2913 ac
1282 2824 1463 2888 “imvm'‘

120 2960 191 3000 cum
216 2936 338 3000 realiter
361 2937 517 3021 inceperit,
543 2941 574 3000 in
597 2959 781 3022 quacunque
802 2937 894 3001 tirerit
915 2936 1073 3018 facultate,
1097 2960 1202 3002 omnes
1217 2937 1271 3000 alii

119 3024 204 3087 Socii
219 3034 248 3086 et
260 3022 424 3087 Scholares
435 3022 575 3107 ejusdem
586 3022 730 3108 collegii,
743 3036 815 3088 tunc
824 3024 856 3088 in
870 3023 1080 3090 Universitate
1094 3038 1271 3109 prasentes,

121 3109 340 3194 impedimento
360 3120 502 3173 cessante
524 3108 673 3197 legitimo,
695 3132 751 3195 per
768 3108 942 3173 Custodem
958 3133 1012 3173 seu
1028 3111 1268 3175 Vicecustodenr

120 3195 334 3281 apprehende,
357 3197 491 3278 gradum
518 3197 687 3280 recipienti,
711 3195 897 3259 licentiando
921 3219 960 3260 ac
983 3197 1138 3281 incipienti
1164 3194 1270 3278 hujus·

122 3282 216 3362 modi,
232 3282 380 3344 ineundo
393 3295 424 3343 et
438 3282 604 3365 redeundo,
625 3284 809 3345 comitatum
832 3282 997 3346 exhibeant
1020 3282 1224 3366 personalem,
1241 3291 1272 3344 et

122 3368 152 3430 in
166 3369 284 3432 actibus
299 3365 440 3449 ejusdem
455 3368 601 3431 interesse
616 3367 820 3454 personaliter
832 3378 1010 3433 teneantur.

275 3574 357 3660 Cap.
376 3572 526 3641 lli-De
536 3569 664 3660 tempore
677 3577 851 3642 mummoli
863 3598 966 3642 sacros
980 3577 1109 3643 ordines.

166 3710 259 3779 Item,
276 3709 457 3790 statuimus,
472 3709 655 3774 ordinamus
679 3721 709 3773 et
732 3711 886 3786 volumus,
903 3713 987 3798 quod
1010 3712 1124 3776 Socios
1138 3711 1273 3798 quilibet
1287 3726 1388 3775 Maean
1399 3728 1426 3775 ot

123 3795 205 3861 dicti
230 3794 379 3880 Collegii,
405 3794 566 3878 Magister
592 3797 728 3868 Artium,
746 3798 830 3860 iufra
845 3798 925 3861 duos
950 3819 1049 3861 annos
1073 3816 1144 3882 post
1167 3821 1276 3861 neces·
1288 3789 1444 3840 Ammaka

123 3884 243 3947 sariam
257 3881 431 3967 regentiam
455 3905 546 3946 suam
561 3882 756 3967 completam
779 3884 925 3948 continue
949 3886 1169 3956 numerandos,
1184 3907 1219 3946 se
1233 3886 1276 3947 ad
1286 3853 1344 3919 ¹¹⁰¹!
1356 3854 1445 3904 Μ’·

123 3968 343 4040 sacerdotium,
374 3968 601 4052 impedimento
636 3983 778 4032 cessante
816 3970 970 4054 legitimo,
1006 3993 1062 4054 per
1090 3969 1276 4048 Custodem,

124 4056 274 4120 Decanos
289 4066 322 4118 et
346 4055 518 4132 bursarioe,
543 4077 608 4134 seu,
634 4056 761 4119 absente
776 4053 925 4127 Custode,
949 4079 1006 4140 pr
1021 4056 1276 4129 Vicecustodenr,

125 4143 272 4206 Decanos
295 4153 326 4204 et
349 4141 508 4204 bursarios
530 4141 701 4225 praedictos
725 4143 944 4225 approbando,
968 4143 1063 4206 l'aciat
1089 4143 1278 4226 promoveri.

125 4229 308 4303 Quamlibet
332 4250 404 4290 vero
430 4227 616 4295 civilistem.
640 4228 680 4302 si,
695 4240 768 4310 post
792 4230 923 4312 gradum
951 4230 1208 4294 baccalaureatus
1222 4251 1279 4313 par
1290 4229 1463 4296 Minaei&

124 4339 197 4379 eum
219 4315 256 4379 in
278 4311 348 4396 jure
371 4313 462 4376 civili
484 4328 697 4398 assumptum,
714 4314 754 4375 ad
776 4312 849 4396 jura
872 4316 1025 4378 canonica
1038 4339 1075 4378 se
1096 4328 1277 4390 convertam
1290 4297 1411 4410 ffi'lbl

125 4401 209 4485 quod
225 4422 264 4465 ee
276 4400 351 4485 ipso
367 4399 430 4463 fieri
455 4400 595 4487 intelligi
610 4399 766 4476 volumus,
781 4400 811 4463 si
837 4401 919 4464 infra
932 4425 989 4465 sex
1015 4425 1138 4465 menses
1154 4424 1173 4464 a
1197 4410 1280 4464 tem-
1290 4376 1403 4478 caval}¹

125 4509 204 4570 pore
230 4485 488 4548 baccalaureatus
512 4509 568 4570 per
593 4509 668 4550 erem
698 4488 858 4570 assumpti
877 4489 1033 4551 cominus
1055 4487 1280 4560 numerandos,

125 4571 354 4656 impedimento
369 4583 514 4634 cessante
526 4573 681 4656 legitimo,
699 4595 754 4656 per
765 4572 940 4637 Custodem
956 4587 985 4635 et
1005 4574 1170 4636 Decanum
1187 4597 1281 4638 suum
1307 4624 1395 4682 Δ
