3014 4898
18 420 153 473 Obedience
162 420 189 469 ot

18 485 119 537 Fellowr
130 485 178 533 and

18 549 123 600 scholari
134 556 158 598 to

19 616 125 664 Wardeu
136 613 186 662 and

18 679 183 730 Vicewarden.

20 1041 147 1093 Penaltier.

25 2027 135 2076 Election
147 2027 174 2074 ul

27 2101 74 2141 tuo
87 2094 191 2141 Burrum.

28 2565 100 2613 Their
111 2564 198 2613 dutiae.

36 4018 142 4070 Residue
153 4017 180 4066 ot

37 4087 132 4133 income
142 4082 201 4132 atter

35 4164 159 4210 uecermy

37 4227 155 4278 arpenna

227 242 271 308 30
478 241 615 308 Statutes
629 244 668 326 of
677 241 735 305 All
750 241 841 308 Souis
860 241 984 328 Callope,
1007 240 1136 326 Oaford.

229 415 385 479 scholares
400 429 431 478 et
447 414 546 494 Socii,
563 425 592 477 et
612 436 753 499 personae
773 437 811 478 ac
829 414 979 478 officiarii
1002 426 1032 478 et
1053 415 1195 478 ministri
1211 415 1291 478 dicti
1306 413 1384 478 Col-

229 503 308 588 legii
334 503 526 586 quicunque,
542 502 626 564 dicto
647 501 797 578 Custodi,
822 503 879 584 qui
909 524 967 585 pro
993 514 1132 584 ternpore
1156 502 1259 572 fuerit,
1284 513 1325 580 et,
1347 525 1384 563 eo

231 590 367 662 absente,
382 589 428 651 vel
454 589 611 671 impedito
634 588 806 671 quominus
828 589 879 652 his
895 611 966 672 quae
981 589 1020 650 ad
1037 587 1176 651 officinm
1194 611 1284 650 sunm
1303 611 1384 671 prae-

230 677 352 740 dictum
370 675 522 758 pertinere
537 687 704 737 noscuntur
719 675 878 737 intendere
893 684 998 758 queat,
1018 674 1225 737 Vicecustodi
1241 672 1382 757 ejusdem

230 762 373 847 Collegii
391 762 444 842 (de
466 783 528 846 quo
551 761 765 824 Vicecustode
790 761 933 845 superius
960 761 1095 844 dicitur)
1120 761 1153 824 iu
1169 761 1270 823 licitis
1285 772 1315 822 et
1330 761 1384 822 bo-

232 849 331 915 nestis
361 848 519 910 mandatis
550 861 580 910 et
618 847 720 921 iactis,
750 847 938 911 exercitium
968 846 1196 910 scholasticum
1224 848 1386 929 bonosque

231 957 334 997 mores
348 935 619 1012 concernentibus,
632 935 758 996 statutis
779 933 859 996 dicti
881 933 1022 1016 Collegii
1046 935 1304 1017 qualitercunque
1325 955 1384 995 nou

232 1021 409 1093 contrariis,
426 1021 574 1084 obediant
598 1032 629 1082 et
654 1021 816 1082 intendant
842 1043 915 1082 cum
938 1020 1061 1081 ellectu.
1108 1020 1145 1083 Si
1168 1020 1242 1103 quis
1265 1020 1386 1081 veroin

232 1107 410 1190 praemissis
441 1105 487 1170 vel
516 1128 624 1170 eorum
654 1106 761 1189 aliquo
791 1106 918 1168 rebellis
947 1106 995 1168 vel
1025 1106 1212 1168 inobediens
1243 1117 1385 1188 repertus

232 1194 334 1272 fuerit,
359 1193 502 1255 volumus
526 1193 611 1276 quod
638 1216 675 1255 ex
700 1203 773 1255 tunc
795 1215 969 1256 commuuae
992 1215 1057 1254 suae
1079 1193 1112 1253 in
1135 1192 1280 1274 Collegio
1304 1215 1386 1274 prae-

218 1280 330 1351 dict0,
344 1280 451 1364 vigore
474 1280 635 1363 praesentis
658 1279 867 1341 ordinationis
889 1290 1010 1350 nostrae,
1027 1280 1058 1340 ei
1080 1278 1206 1340 realiter
1227 1301 1283 1362 per
1303 1278 1387 1340 Cus-

234 1365 340 1428 todem
360 1375 390 1428 et
418 1365 587 1429 Decanum
613 1388 715 1440 suum,
731 1376 784 1428 aut
810 1366 843 1427 in
868 1365 1011 1427 absentia
1034 1365 1187 1428 Custodis
1211 1387 1268 1448 per
1288 1363 1387 1427 Vice-

235 1453 398 1515 custodem
424 1461 456 1513 et
481 1452 647 1515 Decanum
674 1453 872 1535 praedictum,
898 1451 1026 1514 realiter
1050 1452 1283 1527 subtrahantur,
1314 1471 1388 1530 quo·

234 1560 333 1622 usque
349 1539 381 1600 in
395 1538 515 1601 eisdem
538 1539 678 1622 pamerit
701 1560 773 1600 curn
796 1537 921 1603 effectu.
970 1537 1007 1598 Et
1025 1537 1247 1615 nibilominus,
1264 1537 1292 1598 si
1307 1535 1389 1597 ultra

235 1645 374 1686 mensem
389 1626 422 1687 iu
440 1623 624 1707 hujusmodi
647 1624 817 1687 rebellione
838 1623 886 1687 vel
909 1622 1124 1686 inobedientia
1138 1623 1333 1706 pertinuerit,
1350 1645 1386 1683 ex

236 1722 310 1773 tunc
324 1733 343 1772 a
356 1711 440 1775 dicto
455 1711 603 1797 Collegio
618 1710 789 1773 statuimus
803 1710 911 1793 ipsum
928 1729 1082 1793 perpetuo
1098 1711 1161 1772 fore
1176 1709 1347 1792 privatum.

249 1892 332 1978 Cap.
350 1898 478 1963 7.—De
492 1897 702 1960 bercariarum
717 1897 863 1972 electione,
879 1907 1023 1960 eteorum
1038 1896 1136 1980 officio
1151 1898 1367 1980 etjnramertto.

281 2030 445 2104 Praeterea,
462 2044 497 2094 ut
512 2031 594 2094 bona
608 2031 707 2113 ipsius
724 2030 870 2116 Collegii,
886 2031 1022 2094 securius
1037 2044 1229 2103 conservata,
1246 2040 1392 2114 regantur

239 2117 349 2181 melius
362 2130 391 2178 et
406 2118 566 2180 discretius
582 2118 804 2201 dispensentur,
817 2120 990 2188 statuimus,
1001 2118 1178 2180 ordinamus
1191 2132 1221 2180 et
1237 2117 1390 2194 volumus,

260 2203 322 2266 uod
349 2204 389 2266 de
420 2203 520 2266 Sociis
548 2205 646 2288 ipsius
676 2204 824 2290 Collegii,
847 2227 902 2288 per
926 2205 1109 2283 Custodem,
1140 2204 1391 2274 Vicecustodem,

239 2227 384 2354 lucanos
397 2302 428 2352 et
442 2313 496 2354 sex
512 2290 590 2354 alios
606 2291 723 2370 Socios,
742 2291 882 2354 videlicet
905 2305 965 2354 tres
988 2292 1112 2353 artistas
1134 2303 1165 2351 et
1187 2304 1248 2353 tres
1256 2290 1391 2374 juristas,

240 2377 392 2462 eligantur
411 2378 472 2440 duo
489 2378 570 2443 Socii
584 2379 718 2460 aptiores
733 2388 763 2440 et
780 2379 879 2462 magis
895 2379 1121 2462 circumspecti,
1140 2377 1325 2440 Doctoribns
1340 2398 1391 2438 ex·

241 2465 566 2548 ceptiS,bursariorttm
576 2465 709 2528 officium
719 2466 906 2541 exerceud03
922 2487 1054 2548 quorum
1065 2465 1260 2547 unusjurista
1272 2476 1301 2524 et
1313 2463 1392 2524 alius

240 2551 348 2613 artista
364 2551 415 2614 sit.
459 2552 519 2625 Qui
532 2553 644 2623 exitus
661 2551 807 2622 redditus,
823 2551 932 2612 firmas
945 2563 975 2611 et
984 2564 1155 2631 proventus,
1166 2549 1391 2625 beneficiorum,

242 2636 463 2702 maneriorum,
482 2647 646 2708 terrarum,
662 2646 693 2696 et
705 2636 928 2718 possessionum
945 2645 975 2694 et
995 2634 1182 2703 reddituum,
1201 2634 1280 2694 bona
1298 2643 1329 2694 et
1345 2655 1393 2696 res

242 2721 339 2803 ipsius
354 2717 501 2804 Collegii,
519 2719 597 2781 alias
617 2719 870 2802 qualitercunque
890 2720 1093 2802 undecunque
1108 2719 1325 2804 provenientes
1340 2741 1393 2781 seu

243 2805 455 2887 provenientia
465 2803 513 2867 vel
528 2807 707 2889 spectantia,
718 2826 771 2887 per
781 2804 878 2866 visum
888 2817 917 2866 et
929 2805 986 2867 sub
997 2806 1172 2867 testimonio
1187 2803 1335 2868 Custodia
1346 2806 1393 2866 vel

244 2890 461 2965 Vicecustodis,
484 2902 515 2952 et
538 2889 672 2974 alicujus
693 2890 908 2969 Decanorum,
929 2892 969 2953 de
990 2892 1132 2953 manibus
1150 2912 1392 2970 oeconomorum,

242 2977 436 3048 ballivorum,
453 2989 698 3061 procuratorum,
717 2977 936 3050 firmanorum,
952 2979 1187 3061 praepositorum
1204 2977 1299 3060 ipsius
1317 2977 1392 3040 Col-

244 3062 330 3146 legii,
346 3073 398 3124 aut
413 3063 545 3126 aliorum
562 3084 825 3148 quorumcunque,
840 3084 897 3148 per
920 3063 1094 3126 indenturas
1116 3064 1190 3125 iuter
1209 3064 1306 3127 dictos
1321 3065 1394 3126 bur-

245 3151 341 3213 sarios
366 3160 397 3211 et
422 3149 575 3211 solventes
599 3171 741 3212 summas
770 3148 950 3232 hujusmodi
977 3149 1145 3224 iaciendas,
1170 3150 1345 3234 recipiant3
1365 3163 1395 3213 et

245 3247 368 3320 recepta
380 3236 411 3297 in
426 3235 616 3298 thesauraria
632 3235 861 3322 dictiCollegii,
871 3236 1016 3299 inarchis
1031 3247 1062 3299 et
1070 3237 1152 3299 cistis
1166 3237 1394 3315 communibus,

246 3324 288 3386 ad
309 3322 367 3385 boc
387 3322 589 3407 deputandis,
611 3344 667 3407 per
685 3323 784 3385 visum
811 3333 842 3384 et
866 3323 923 3384 sub
947 3323 1124 3386 testimonio
1142 3323 1295 3385 dictorum
1312 3323 1396 3386 Cus-

246 3409 328 3471 todis
354 3409 402 3471 vel
427 3409 639 3472 Vicecustodis
662 3422 694 3470 et
717 3407 848 3492 alicujus
876 3409 1086 3480 Decanorum,
1102 3411 1134 3471 in
1160 3420 1227 3472 tuto
1251 3423 1397 3494 reponant

246 3494 381 3560 securius
396 3496 606 3560 custodienda.
650 3495 704 3558 De
734 3496 848 3578 quibus
872 3496 998 3579 quidem
1024 3497 1156 3579 receptis
1178 3496 1238 3581 ipsi
1263 3496 1397 3559 bursarii

246 3596 345 3646 certas
359 3581 554 3644 rationabiles
567 3602 709 3644 summas
723 3582 764 3644 ad
780 3604 964 3644 communes
981 3583 1144 3646 Sociorum
1154 3593 1184 3643 et
1198 3583 1395 3654 scholarium,

247 3680 279 3731 et
308 3667 388 3729 alias
417 3667 613 3752 quotidianas
637 3680 668 3729 et
694 3669 830 3730 minutas
860 3690 1014 3751 expensas
1041 3669 1135 3730 utiles
1164 3680 1193 3729 et
1219 3669 1398 3730 necessarias

248 3753 456 3824 solummodo,
471 3765 502 3816 et
517 3775 578 3816 non
595 3752 695 3827 aliter,
710 3755 741 3816 in
756 3755 841 3839 ipsos
856 3776 928 3816 usus
943 3769 969 3816 et
989 3777 1047 3816 uon
1064 3754 1093 3816 in
1112 3753 1192 3815 alios
1207 3775 1291 3823 usus,
1303 3752 1396 3834 juxta

248 3839 471 3914 discretionem,
486 3839 729 3924 dispositionem,
745 3840 909 3902 consilium
932 3852 962 3902 et
984 3841 1218 3916 avisamentum,
1235 3836 1396 3914 Custodis,

247 3923 304 3996 vel,
315 3923 452 3989 Custode
462 3926 598 4002 absente,
611 3925 831 3997 Vicecustodis,
844 3939 874 3988 et
882 3925 1014 4008 alicujus
1026 3926 1223 3986 Decanorum
1235 3924 1397 3998 dictorum,

247 4012 428 4088 custodiant,
444 4012 612 4094 disponant
630 4010 760 4073 fideliter
781 4024 811 4073 et
828 4020 1013 4075 convertant,
1058 4008 1209 4071 Nolentes
1222 4010 1306 4092 quod
1323 4010 1398 4074 dieti

248 4098 390 4175 bursarii,
407 4109 461 4160 aut
479 4099 579 4178 quivis
596 4097 685 4174 alius,
701 4096 741 4158 de
762 4097 885 4159 residua
907 4108 995 4179 parte
1016 4107 1209 4178 receptorum
1233 4095 1397 4169 dictomm,

248 4205 302 4247 seu
325 4184 363 4246 de
392 4181 561 4266 majoribus
582 4183 715 4266 negotiis
744 4180 820 4244 dicti
849 4182 992 4266 Collegii,
1020 4189 1077 4243 aut
1100 4180 1169 4242 aliis
1196 4181 1399 4248 solutionibus

251 4269 336 4332 misis
364 4279 394 4330 et
418 4270 556 4352 expensis
581 4268 662 4330 circa
690 4266 868 4350 hujusmodi
895 4270 1017 4351 majora
1042 4266 1167 4351 negotia
1190 4269 1340 4344 iacienda,
1367 4294 1399 4332 se

251 4354 483 4440 quomodolibet
496 4354 712 4423 intromittant,
728 4355 789 4417 sine
804 4354 996 4432 discretione,
1011 4376 1172 4425 consensu,
1187 4356 1397 4438 dispositione,

249 4442 376 4506 consilio
400 4454 435 4503 et
452 4441 654 4515 avisamento,
681 4437 830 4504 Custodis
854 4442 916 4504 sire
940 4439 1168 4518 Vicecustodis,
1188 4443 1326 4514 Custode
1346 4446 1399 4507 ab·
