3014 4898
493 228 683 309 Irp'unctioras
698 229 736 310 of
754 226 890 293 Visitors.
1226 226 1269 293 93

121 400 219 463 visum
242 400 330 462 uobis
350 408 395 460 est
418 395 576 460 haedere
593 407 658 460 tota
677 411 770 480 atque
788 393 827 460 de
845 396 1085 484 allegationibus
1099 394 1171 462 hinc
1195 399 1268 464 inde

119 487 314 569 propositis*
347 483 537 547 Primarium
570 482 714 546 Judicem
752 482 978 547 Communium
1009 485 1199 548 Placitorum
1236 498 1268 550 et

119 571 291 656 Regiamm
303 567 500 646 Causarum
515 567 752 643 Solicitatorem‚
765 569 840 632 viros
856 570 965 653 utique
977 574 1090 633 maturi
1102 569 1221 652 judicii,
1233 594 1270 636 ao

117 656 149 719 in
164 657 281 742 legibus
296 669 327 719 et
342 656 465 718 statutis
481 653 574 735 hujus
584 654 670 739 regni
685 654 892 719 discutiendis
907 657 1105 741 cumprimis
1117 658 1267 732 eruditos,

118 742 285 807 consulere.
325 741 392 815 Qui
406 741 546 825 quidem,
563 763 594 803 re
607 750 673 802 tota
687 739 858 825 diligenter
872 752 966 825 atque
981 751 1087 806 exacte
1103 765 1267 828 perpensa,

118 827 219 892 literis
232 828 299 891 suis
309 826 438 910 scriptis
447 837 478 888 et
488 825 764 911 chirographorum
779 848 906 889 suorum
921 828 1157 914 subsignatione
1173 850 1269 891 enno-

117 913 201 989 tatis,
213 934 269 998 pro
284 937 340 976 sua
356 913 551 974 humanitate
567 912 702 995 ingenue
717 912 1067 985 retulerunt'statutum
1083 914 1161 976 illud
1181 914 1269 998 regni

116 999 159 1061 ad
175 998 355 1081 hujusmodi
364 997 528 1061 electiones
538 996 720 1059 minutiores
731 1019 791 1059 non
802 999 942 1071 extendi,
953 1012 1048 1082 atque
1064 998 1269 1063 idcircoOol·

117 1084 195 1167 legii
214 1087 273 1148 hoc
295 1094 448 1147 statutum
469 1094 583 1146 statuto
605 1082 663 1143 1110
684 1083 774 1168 regni
796 1105 833 1145 ea
848 1085 882 1146 in
897 1096 985 1169 parte
1000 1084 1085 1149 nullo
1101 1088 1192 1149 modo
1206 1086 1268 1148 im-

117 1170 218 1233 minui
227 1183 282 1233 aut
292 1169 454 1232 debilitari
464 1169 528 1232 sibi
536 1167 648 1231 videri.
672 1168 796 1232 Idcirco
804 1171 1014 1254 egodoannes,
1027 1171 1269 1234 Cantuariensis

116 1256 397 1343 Archiepiscopus,
414 1254 511 1318 totius
534 1253 665 1339 Angliae
687 1253 813 1318 Primus
834 1266 863 1318 et
888 1255 1163 1340 Metropolitanus,
1181 1258 1267 1320 Con·
1376 1271 1386 1287 ·

117 1342 263 1404 fundator
279 1354 310 1403 et
327 1342 482 1405 Patronus
504 1340 584 1402 dicti
606 1339 746 1424 Collegii
768 1341 925 1405 Omnium
945 1342 1131 1405 Animarum
1146 1341 1268 1405 Oxoni·

117 1426 208 1506 ensis,
232 1431 272 1492 ad
297 1449 392 1511 quem
421 1425 686 1510 interpretationis
709 1438 741 1488 et
769 1427 962 1491 decretorum
993 1428 1155 1490 meliorem
1183 1428 1270 1491 illius

117 1510 259 1599 Collegii
273 1512 588 1588 administrationem,
599 1533 637 1572 ac
653 1521 841 1573 statutomm
856 1512 1000 1612 priorum
1013 1513 1269 1586 observationem,

117 1597 330 1683 interponendi
357 1598 526 1661 auctoritas
548 1618 606 1680 per
628 1596 717 1658 dicta
743 1596 880 1682 Collegii
904 1608 1022 1662 statuta
1043 1599 1166 1663 notorie
1182 1610 1268 1662 etex

116 1684 245 1767 antiquo
258 1683 451 1770 dignoscitur
465 1680 627 1767 pertinere,
637 1680 820 1764 hujusmodi
834 1683 981 1768 gravium
990 1684 1129 1747 virorum
1140 1683 1268 1765 judicio

117 1785 246 1852 prorsus
260 1783 290 1832 et
306 1791 344 1832 ex
359 1769 485 1832 omnino
500 1767 681 1840 assentiens,
697 1769 881 1831 electionem
892 1781 923 1832 et
940 1769 1162 1834 admissionem
1177 1771 1266 1833 illam

115 1855 163 1917 sic
177 1878 273 1940 nuper
289 1856 329 1918 de
345 1857 435 1934 facto,
451 1853 528 1916 licet
544 1876 605 1916 non
621 1854 660 1916 de
666 1875 745 1936 Jure,
761 1855 800 1917 de
813 1876 941 1938 persona
952 1854 1117 1938 cujusdam
1133 1856 1268 1920 Roberti

118 1941 229 2015 Dowa,
261 1941 384 2018 LL.B.,
413 1941 446 2003 in
477 1941 645 2003 Decanum
671 1938 868 2021 juristamm,
899 1941 985 2005 omni
1010 1940 1079 2023 jam
1114 1943 1269 2004 currentis

117 2036 234 2092 tactam
258 2038 289 2090 et
311 2027 511 2098 celebratam,
535 2049 572 2089 eo
598 2035 749 2110 praetextu
774 2048 812 2089 ac
839 2027 867 2088 si
894 2037 1048 2090 statutum
1073 2026 1154 2091 illud
1180 2028 1268 2114 regni

116 2110 217 2176 locale
239 2123 392 2176 statutum
416 2112 557 2197 Collegii
580 2113 620 2174 de
643 2111 794 2174 electione
821 2112 944 2175 Decani
963 2112 1150 2195 juristamm
1174 2135 1211 2175 ea
1233 2114 1267 2175 in

116 2210 204 2282 parte
217 2198 405 2282 antiquaret,
420 2208 570 2280 tanquam
592 2197 746 2279 iniquam,
760 2209 790 2260 et
811 2200 848 2261 de
865 2197 936 2279 jure
958 2220 1083 2284 prorsus
1099 2199 1219 2262 nullam
1234 2207 1266 2262 01

118 2283 302 2355 invalidam,
317 2284 470 2368 improbo,
486 2305 585 2354 casso,
601 2293 632 2344 01
652 2283 692 2344 ad
715 2304 840 2344 omnem
858 2280 942 2365 juris
965 2295 996 2346 et
1018 2283 1094 2346 facti
1119 2285 1268 2347 eli'ectum

116 2368 242 2432 irritum
256 2369 431 2452 pronuntio,
447 2369 577 2430 decerno
600 2379 631 2430 et
647 2366 783 2439 declaro,
798 2386 853 2450 per
873 2380 1051 2452 praesentes.
1096 2369 1149 2433 Ad
1172 2390 1267 2451 quem

116 2454 223 2519 locum
241 2455 363 2518 Decani
383 2453 582 2537 juristamm,
597 2451 666 2534 jam
687 2452 734 2515 sio
756 2455 794 2538 de
809 2455 893 2516 facto
908 2464 937 2515 et
952 2455 990 2516 de
1008 2452 1080 2535 jure
1095 2465 1267 2531 vacantem,

116 2552 146 2603 01
161 2542 202 2603 0(1
224 2563 327 2624 meam
342 2540 588 2603 nominationem
603 2552 634 2600 et
649 2537 849 2601 collationem
860 2540 965 2601 omnio
982 2538 1050 2621 jam
1066 2553 1266 2624 spectantem,

116 2627 275 2689 Thomam
308 2625 473 2705 Edwards,
503 2625 537 2687 in
558 2623 631 2705 jure
662 2622 753 2686 civili
782 2625 1037 2700 Baccalaureum,
1063 2643 1120 2710 pro
1145 2626 1268 2709 reliquo

114 2711 208 2795 hujus
224 2713 298 2776 anni
321 2712 450 2774 nomino
466 2724 496 2774 et
518 2730 644 2773 assumo
658 2732 714 2793 per
734 2723 912 2793 praesentes,
928 2711 1060 2774 firmiter
1074 2711 1268 2798 injungendo

115 2808 179 2860 tam
205 2797 341 2862 Custodi
368 2797 451 2859 dicti
483 2796 626 2880 Collegii
651 2816 749 2879 quam
773 2796 892 2859 caeteris
917 2797 1073 2869 omnibus,
1099 2821 1178 2882 quos
1207 2800 1268 2861 hoc

115 2885 278 2970 negotium
302 2883 412 2968 aliqua
435 2883 554 2946 ratione
578 2882 729 2966 attingere
753 2894 922 2966 potestat
947 2885 1082 2946 eundem
1106 2885 1268 2947 Thomam

116 2969 277 3044 Edwards,
297 2969 344 3032 sic
369 2992 424 3054 per
447 2991 501 3032 nos
523 2968 733 3039 nomlnatum,
758 2967 791 3029 in
817 2967 983 3031 Decanum
1001 2968 1190 3050 juristamm
1212 2971 1267 3032 ad-

115 3056 238 3120 mittant
253 3068 283 3120 et
307 3055 473 3142 recipiant.
520 3054 556 3116 ln
571 3074 707 3138 quorum
721 3053 949 3128 testimonium,
966 3055 1109 3141 sigillum
1125 3068 1267 3120 nostrum

117 3140 395 3227 Archiepiscopale
404 3139 608 3225 praesantibus
618 3138 764 3223 apposui.
779 3141 898 3202 Datum
914 3141 947 3202 in
962 3142 1102 3203 manerio
1116 3153 1219 3203 nostro
1228 3142 1267 3203 de

116 3225 271 3313 Croydou‚
298 3226 449 3289 vicesimo
474 3225 609 3288 secundo
631 3224 685 3291 die
707 3226 823 3288 mensis
849 3226 1025 3303 Februarii,
1057 3227 1151 3299 1587,
1173 3225 1267 3306 juxta

116 3313 234 3398 stylum
252 3312 376 3397 Angliee
387 3335 397 3387 3
418 3331 502 3374 anno
523 3331 593 3372 vero
617 3307 702 3392 regni
726 3308 948 3372 illustrissimae
972 3311 1005 3372 in
1025 3310 1154 3377 Christo
1174 3311 1268 3375 Prin·

116 3399 198 3481 cipis
211 3411 243 3460 et
257 3396 396 3461 dominae
417 3407 529 3458 nostras
543 3392 680 3457 dominae
696 3392 905 3474 Elisabethae,
923 3395 1060 3480 Angliae,
1077 3396 1221 3459 Franciae
1236 3407 1268 3459 et

117 3482 294 3556 Hibernia,
312 3481 451 3567 Reginae,
467 3479 545 3542 fidei
560 3479 740 3552 defensoris,
757 3479 810 3543 30.

1048 3565 1102 3629 Jo.
1120 3565 1224 3629 Cnur.

158 3824 211 3888 De
224 3821 402 3888 communiis
417 3822 450 3884 in
464 3821 540 3884 aula
549 3819 765 3903 percipiendis,
782 3829 811 3882 et
818 3838 988 3902 puerorum
993 3821 1224 3905 famulantium

461 3921 585 3972 numero
599 3907 760 3970 minuendo
777 3902 907 3991 [1592].

161 4031 333 4111 Johannes,
359 4030 461 4094 divina
489 4026 685 4114 providentia
720 4027 956 4093 Cantuariensis
986 4029 1267 4114 Archiepiscopus,

116 4120 211 4183 totius
232 4118 355 4204 Angliae
375 4115 499 4180 Primos
521 4126 551 4178 01
569 4114 840 4200 Metropolitanus,
865 4114 996 4196 Collegii
1013 4115 1166 4178 Omnium
1184 4115 1269 4177 Ani·

116 4228 238 4267 marum
264 4203 423 4266 Fidelium
451 4203 682 4265 Defunctorum
706 4201 741 4263 in
761 4199 971 4264 Universitate
993 4199 1163 4264 Oxoniensi
1180 4192 1268 4265 Vist-

115 4304 205 4368 tator,
235 4290 391 4352 Patronus
420 4302 451 4350 et
480 4288 678 4359 ordinarius,
704 4287 823 4349 dilectis
852 4285 943 4349 nobis
973 4286 1003 4348 in
1032 4284 1160 4351 Christo
1187 4283 1268 4349 dicti

116 4374 257 4460 Collegii
284 4374 435 4453 Custodi,
451 4373 671 4449 Vicecustodi,
696 4373 841 4450 Decanis,
869 4370 1042 4450 Bursariis,
1059 4373 1268 4455 omnibusque
1385 4418 1387 4423 -

277 4526 292 4558 ¹·
309 4522 427 4573 Edmuud
438 4522 580 4574 Anderson.
851 4525 865 4582 ¹5
882 4520 914 4570 T.
926 4519 1044 4583 Eget-ton.
1274 4426 1387 4592 ι
