3014 4898
202 237 244 307 18
448 239 583 307 Statotes
596 241 635 324 of
643 240 707 304 Alt
716 240 809 307 soors
829 239 954 324 Collepe,
976 239 1105 325 Oaford.

10 424 161 472 urrenderot
202 431 266 494 quo
282 410 322 472 ab
344 409 448 472 officio
470 432 551 487 meo,
566 411 607 473 ob
625 409 754 493 culpam
777 435 890 490 meam,
906 412 955 474 vel
971 413 1069 475 etiam
1084 421 1207 496 proptor
1224 435 1353 476 causam

28 488 172 600 ¹¹⁰8⁰ts⁰⁰d⁸
201 497 352 581 aliquam,
380 519 430 558 me
457 497 597 559 amoveri
626 497 798 575 contingat,
829 499 878 560 vel
905 498 1008 561 forsan
1038 500 1149 561 cedam
1178 499 1294 577 eidem,
1326 501 1354 561 si

0 577 8 662 1,
16 569 158 666 ,ssffissloff
201 582 309 667 aliqua
323 584 406 645 bona
415 583 496 645 dicti
510 583 663 668 Collegii,
679 596 751 645 ante
763 586 813 647 vel
824 595 896 668 post
911 585 1100 648 amotionem
1113 585 1162 646 vel
1178 586 1353 648 cessionem

1 683 64 731 arce.
224 693 244 732 u
258 691 348 732 usmo
372 693 395 744 1,
414 691 482 732 rece
506 691 566 747 ero,
605 691 667 732 ona
711 694 872 735 uusmor
919 694 953 733 er
981 694 1032 734 me
1048 693 1113 734 rece
1138 681 1170 733 ta
1192 683 1352 734 m11aut

201 669 255 754 hj
350 669 381 731 d'
483 692 505 753 p
584 669 603 731 b
688 669 743 751 hj
837 671 917 754 d’p
1114 692 1136 753 p
1227 672 1271 733 'h'

201 756 275 819 usui
306 779 376 817 meo
399 779 462 819 non
477 754 657 841 applicabo,
680 771 789 839 praeter
812 756 871 819 illa
894 780 963 842 quae
985 757 1067 820 milti
1089 779 1146 840 pro
1169 755 1353 840 hujusmodi

202 842 303 906 officio
316 843 497 927 exequendo
512 843 548 904 10
563 843 643 907 dicti
659 841 798 928 Collegii
821 845 946 907 statutis
962 855 992 905 et
1016 843 1271 907 ordinationibus
1287 844 1352 906 dis·

201 942 360 1012 ponuntur
372 951 382 1005 ;
406 930 460 992 sed
482 930 554 1012 ipsa
583 929 692 992 omnia
714 942 744 992 et
767 931 894 1014 singula
917 931 1090 993 successori
1119 953 1198 1007 meo,
1216 930 1352 995 Custodi

202 1016 285 1078 dicti
308 1015 456 1100 Collegii,
480 1028 510 1076 et
534 1014 638 1077 eidem
661 1014 813 1101 Collegio,
837 1017 919 1078 10110
941 1016 1069 1100 triginta
1091 1016 1160 1078 dies
1182 1040 1201 1078 a
1215 1027 1352 1098 tempore

202 1101 374 1164 amotionis
400 1124 454 1164 seu
477 1102 630 1163 cessionis
655 1098 847 1184 hujusmodi,
864 1102 987 1187 integre
1009 1103 1172 1165 restituam
1195 1116 1223 1165 et
1247 1103 1351 1164 refun-

202 1189 285 1262 dam,
306 1188 422 1271 absque
444 1188 655 1251 diminutione
669 1211 725 1250 seu
748 1189 994 1252 contradictione
1014 1211 1209 1273 quacunque.
1257 1188 1350 1265 Item,

0 1281 178 1359 rrbmtaionto
203 1275 242 1352 si,
256 1297 314 1358 per
334 1296 385 1335 me
410 1284 463 1336 aut
484 1275 645 1338 occasione
659 1274 734 1351 mei,
760 1275 869 1358 aliqua
892 1276 1105 1338 dissensionis
1135 1275 1275 1351 materia,
1299 1276 1352 1338 irae

0 1347 174 1460 rppebohppm
202 1361 250 1423 vel
265 1359 441 1438 discordiae,
457 1361 593 1423 indicto
609 1360 754 1446 Collegio
771 1362 868 1447 (quod
894 1363 978 1424 absit
989 1364 1012 1440 l)
1030 1362 1181 1425 suscitata
1203 1361 1304 1438 luerit,
1321 1361 1351 1422 si

8 1427 125 1527 moi,
202 1469 295 1532 super
307 1447 381 1529 ipsa
390 1447 520 1508 materia
534 1470 588 1529 per
599 1446 854 1524 Vicecustodem,
868 1447 1028 1524 Decanos,
1041 1449 1207 1520 bursarios,
1217 1462 1246 1508 et
1255 1448 1349 1530 quin·

202 1556 263 1617 que
280 1533 361 1595 alios
376 1533 456 1597 dicti
471 1533 609 1619 Collegii
635 1534 785 1611 10010100,
802 1556 934 1619 quorum
958 1558 1012 1596 sex
1035 1535 1099 1597 sint
1117 1533 1254 1617 juristae,
1268 1534 1351 1595 111110

201 1619 331 1705 triginta
353 1620 422 1682 dies
450 1621 627 1691 continuos,
654 1621 727 1683 finis
756 1620 956 1683 rationabilis
979 1644 1035 1683 seu
1058 1620 1226 1702 placabilis
1249 1621 1349 1681 lactus

201 1728 266 1769 non
280 1707 384 1782 fuerit,
401 1719 473 1769 tunc
488 1706 690 1778 ordinationi,
707 1707 920 1791 dispositioni,
936 1707 1033 1777 dicto,
1049 1706 1144 1767 laudo
1159 1716 1190 1767 01
1206 1705 1348 1779 arbitrio,

200 1792 324 1857 domini
339 1793 579 1876 Archiepiscopi
593 1793 831 1856 cantuariensis
846 1794 903 1877 qui
926 1816 983 1876 pro
998 1804 1141 1874 tempore
1164 1791 1267 1865 fuerit,
1282 1813 1347 1862 seu,

201 1880 272 1962 ipso
287 1879 322 1940 in
332 1879 462 1941 remotis
477 1893 589 1964 agente
602 1894 637 1941 ut
653 1879 871 1962 supradictum
886 1894 944 1953 est,
959 1878 1027 1961 ejus
1043 1877 1155 1940 vicarii
1171 1876 1207 1939 10
1221 1876 1350 1959 spiritu·

202 1965 307 2027 alibus
333 1965 501 2051 generalis,
521 1977 584 2041 aut,
608 1966 678 2049 ipso
696 1966 872 2036 deficiente,
899 1965 1043 2028 officialis
1069 1963 1166 2026 curiae
1181 1963 1350 2028 (100111011-

201 2052 287 2113 ensis
301 2051 340 2113 de
356 2052 511 2124 Arcubus,
528 2053 601 2114 sede
623 2051 730 2134 plena,
749 2053 816 2135 ipsa
830 2074 903 2115 vero
918 2063 1050 2116 vacante
1074 2049 1196 2112 Prioris
1209 2047 1350 2112 ecclesiae

202 2137 324 2203 Christi
345 2138 600 2213 Cantuariensis,
617 2138 724 2215 stabo;
749 2151 779 2201 et
810 2138 894 2221 quod
924 2161 1032 2200 eorum
1059 2135 1177 2219 aliquis
1200 2135 1350 2211 statuerit,

201 2223 394 2287 ordinaverit
407 2234 437 2287 et
449 2224 616 2298 definierit,
632 2225 666 2286 in
682 2249 718 2287 ea
739 2238 835 2308 parte,
853 2224 986 2288 fideliter
1004 2223 1174 2286 observabo
1196 2232 1226 2283 et
1247 2222 1350 2283 eidem

201 2332 274 2372 cum
294 2311 409 2373 affectu
432 2313 559 2393 parebo,
575 2312 644 2373 sine
668 2311 914 2374 contradictione
930 2332 1131 2397 quacunque3
1155 2308 1350 2370 cessantibus

200 2396 474 2480 appellationibus,
491 2397 777 2480 provocationibus,
790 2397 939 2481 querelis,
956 2396 1195 2480 exceptionibus
1218 2406 1248 2456 et
1274 2395 1350 2456 aliis

196 2481 280 2565 juris
296 2498 325 2544 et
343 2484 417 2546 lacti
433 2485 581 2546 remediis
594 2484 844 2568 quibuscunque,
859 2484 976 2569 quibus
992 2483 1138 2545 omnibus
1157 2493 1187 2542 et
1213 2480 1350 2564 singulis

200 2570 235 2630 in
258 2569 292 2631 vi
316 2571 404 2652 pacti
426 2571 569 2631 renuntio
592 2570 625 2631 in
650 2571 701 2631 his
727 2570 867 2651 scriptis.
914 2569 1003 2639 Item,
1027 2567 1111 2649 qood
1132 2578 1247 2626 secreta
1269 2566 1349 2627 dicti

4 2662 89 2725 'ollege
95 2671 189 2715 1001111.
202 2653 341 2733 Collegii
355 2657 387 2716 in
398 2655 548 2715 damnum
558 2666 587 2715 et
603 2653 816 2736 praejudicium
831 2650 971 2733 ejusdem
985 2673 1048 2713 non
1058 2649 1200 2712 revelabo
1214 2651 1252 2711 ad
1262 2661 1350 2712 extra

27 2753 165 2802 ’11110001
201 2739 421 2823 quovismodo.
467 2738 558 2814 Item,
575 2740 657 2820 quod
671 2739 752 2800 dicti
768 2736 908 2823 Collegii
923 2736 1182 2809 meliorationem,
1200 2757 1350 2815 augmen-

4 2816 88 2929 f¹¹²8²
97 2818 123 2893 5¹¹,
136 2832 190 2866 eaeo
201 2825 352 2888 tationem
369 2826 531 2899 bonorum,
545 2834 704 2899 terrarum,
721 2823 964 2906 possessionum,
982 2822 1171 2896 reddituum,
1185 2833 1215 2883 et
1226 2819 1348 2903 jurium

1 2891 165 2947 ·promouon.
202 2911 470 2974 conservationem
494 2921 525 2970 01
552 2910 778 2987 defensionem,
806 2910 1039 2992 promotionem
1062 2922 1092 2971 et
1115 2908 1348 2990 expeditionem

201 2996 398 3082 negotiorum
413 2995 494 3059 dicti
504 2995 642 3080 Collegii
654 3018 921 3081 quorumcunque,
933 2997 971 3058 ad
981 3016 1203 3079 quemcunque
1218 3003 1349 3071 statum,

201 3084 345 3164 gradum,
360 3082 547 3167 dignitatem
560 3082 610 3144 vel
626 3083 776 3159 officium,
797 3082 1006 3164 inposterum
1022 3082 1188 3158 devenero,
1211 3080 1244 3142 in
1267 3083 1349 3143 sanis

202 3168 360 3244 consiliis,
376 3169 553 3243 beneficiis,
571 3169 730 3232 favoribus
755 3181 786 3231 et
800 3168 938 3247 auxiliis,
959 3180 1110 3253 quantum
1133 3168 1168 3229 in
1189 3167 1349 3229 maluerit

201 3265 233 3317 01
246 3256 286 3318 ad
301 3277 352 3317 me
365 3255 564 3338 pertinuerit,
579 3254 755 3338 diligenter
772 3255 937 3337 adjuvabo,
954 3270 984 3316 et
1000 3277 1058 3338 pro
1073 3254 1193 3317 eisdem
1218 3252 1347 3315 effectu·

4 3341 159 3392 sinterunoe
199 3341 299 3419 aliter,
316 3342 467 3425 quamdiu
482 3342 586 3404 vixero
600 3342 631 3404 10
646 3341 704 3404 hoc
720 3343 849 3418 mundo,
863 3341 1020 3406 laborabo.
1068 3340 1158 3417 ltem,
1175 3341 1259 3423 quod
1284 3361 1347 3401 non

1 3407 175 3521 'seffiffffff
200 3431 376 3512 procurabo
402 3427 659 3500 diminutionem,
685 3428 904 3505 mutationem,
932 3427 1179 3500 translationem,
1204 3425 1347 3488 annulla-

12 3534 96 3596 ottege.
201 3515 331 3592 tionem,
360 3512 496 3597 alicujus
525 3514 647 3577 numeri
676 3514 712 3577 iu
741 3514 850 3596 aliqua
878 3514 1012 3578 scientia
1032 3537 1088 3577 seu
1111 3513 1266 3588 facultate,
1288 3534 1348 3574 nec

200 3601 296 3664 etiam
311 3600 435 3665 numeri
458 3602 721 3683 prosbyterorum,
742 3600 941 3678 clericorum,
955 3612 1009 3664 aut
1030 3610 1210 3663 caeterorum
1235 3597 1347 3660 minis·

200 3697 319 3750 trorum
333 3686 462 3770 capellae
477 3686 558 3749 dicti
571 3684 719 3770 collegii,
733 3686 769 3749 111
792 3687 917 3749 statutis
937 3700 967 3750 et
991 3686 1242 3750 ordinationibus
1264 3681 1345 3763 ejus-

200 3771 274 3834 dem
290 3772 417 3836 limitati
432 3795 488 3835 seu
510 3771 681 3837 limitandi.
698 3784 806 3834 contra
820 3772 951 3834 sormam
973 3780 1160 3834 statutorum
1174 3779 1206 3830 et
1221 3768 1345 3829 ordina·

201 3857 324 3920 tionum
340 3859 523 3935 eorundem,
537 3858 585 3922 vel
608 3857 689 3920 alias
704 3857 775 3920 fieri
798 3859 981 3940 permittam
997 3880 1053 3919 seu
1068 3856 1218 3929 tolerabo,
1234 3874 1344 3915 secuu-

199 3944 275 4006 dum
303 3968 410 4007 meum
432 3967 538 4027 posse,
561 3956 614 4007 aut
635 3943 753 4006 eisdem
776 3944 971 4006 consentiam
991 3940 1206 4025 quovismodo.
1251 3939 1344 4016 Item,

9 4030 149 4107 onpimcia
201 4029 285 4112 quod
308 4031 411 4098 nullas
437 4029 679 4102 conventiculas,
704 4028 967 4112 conspirationes,
993 4024 1268 4089 confoederationes
1292 4043 1345 4086 aut

2 4097 188 4213 uffiffl‘ll‘
199 4116 363 4197 pactiones
388 4116 521 4200 aliquas,
545 4117 731 4198 ubicunque,
755 4114 839 4176 infra
866 4135 997 4197 regnum
1024 4111 1150 4196 anglia
1179 4110 1227 4172 vel
1249 4121 1344 4184 extra,

83 4179 115 4223 ’1
140 4199 146 4215 ’
198 4210 305 4263 000110
318 4203 531 4265 ordinationes
545 4214 574 4263 et
588 4213 701 4264 statuta
716 4200 838 4263 dictum
852 4199 1033 4282 Collegium
1058 4196 1278 4275 concernentia,
1295 4199 1346 4261 vel

197 4301 305 4351 contra
320 4288 422 4371 ipsius
431 4287 570 4374 Collegii
585 4300 710 4366 statum,
725 4285 904 4361 utilitatem,
915 4285 1116 4348 commodum
1126 4282 1175 4346 vel
1186 4282 1345 4359 honorem,

198 4373 321 4448 sociam,
333 4396 392 4435 nec
406 4373 495 4458 ipsas
510 4375 681 4457 procurabo
696 4396 753 4436 seu
767 4371 948 4455 permittam
962 4373 1003 4433 ab
1016 4371 1091 4432 aliis
1106 4369 1185 4446 lieri,
1195 4384 1345 4455 quantum

197 4459 233 4521 in
248 4481 299 4522 me
311 4461 403 4524 luerit
419 4460 653 4543 quomodolibet
675 4461 708 4523 10
730 4460 891 4534 10101001;
914 4480 969 4520 seu
992 4457 1182 4522 iacientibus
1206 4458 1280 4541 ipsa
1294 4458 1346 4522 vel
