3014 4898
67 930 183 993 Scmtiny
193 932 221 980 of

67 996 173 1044 conduct
183 997 212 1045 ol

68 1058 170 1108 Fellows
182 1059 231 1109 and

66 1123 177 1176 scholare.

284 412 327 477 60
534 412 671 481 Statutes
685 420 724 502 of
732 418 791 482 All
805 417 897 486 scats
916 418 1041 502 Colleqa
1061 416 1190 502 Oxford.

284 597 323 657 et,
338 586 408 650 loco
423 588 572 652 orationis
596 599 614 626 “
624 589 721 677 Rege,
736 589 949 674 quaesumus,”
964 591 1088 652 dicatur
1100 589 1199 652 oratio
1225 594 1244 625 ‘⁴
1259 589 1364 669 Deus,
1389 590 1447 674 qui

283 672 362 735 inter
386 673 587 758 Apostolicos
612 679 788 740 sacerdotes
812 676 964 739 famulum
988 688 1086 754 tuum,
1121 674 1337 738 Fundatorem
1367 698 1444 740 nos·

284 761 405 833 trum;’'
427 773 456 822 et
482 765 586 844 quinta
611 764 796 827 “Fidelium
821 763 922 839 Deus,
945 765 1085 825 omnium
1101 761 1271 834 conditor,'’
1296 784 1357 845 pro
1373 764 1445 825 ani·

285 846 399 909 mabus
422 854 560 910 omnium
576 849 715 911 fidelium
737 849 976 926 ‹lelunctorum3
1001 849 1112 910 faciant
1129 850 1208 911 inter
1221 871 1254 910 se
1269 847 1443 912 solenniter

285 932 441 995 celebrari.
487 934 670 1005 Acdeinde,
688 948 754 1018 post
770 936 921 997 lecturam
937 947 1126 998 statutorum
1141 956 1196 1017 pro
1216 933 1273 996 illa
1294 935 1377 1004 vice,
1407 936 1440 997 in

284 1019 367 1093 aula,
384 1042 489 1081 coram
504 1021 646 1083 omnibus
664 1035 699 1082 ut
719 1023 919 1105 praemittitur
942 1021 1156 1107 legendorum,
1177 1021 1232 1083 fiat
1251 1022 1439 1083 scrutinium

283 1114 314 1166 et
336 1107 526 1168 examinatio
548 1127 604 1189 per
627 1108 799 1170 Custodem
823 1131 888 1186 seu,
914 1109 983 1192 ipso
999 1109 1125 1170 absente
1140 1105 1187 1169 vel
1203 1107 1363 1190 impedito,
1380 1131 1440 1191 per

284 1190 533 1263 Vicecustodem,
562 1192 742 1255 melioribus
772 1194 866 1256 modo
894 1206 924 1257 et
956 1197 1053 1256 forma
1082 1193 1196 1276 quibus
1219 1192 1351 1256 Custodi
1378 1216 1437 1256 seu

284 1275 484 1339 Vicecustodi
516 1279 666 1360 praedicto
696 1281 859 1343 videbitur
888 1280 1076 1342 faciendum.
1124 1280 1165 1342 Et
1187 1293 1223 1340 ut
1251 1281 1359 1342 omnia
1389 1281 1437 1342 sic

282 1363 398 1445 absque
413 1364 588 1447 suspicione
605 1369 785 1447 procedant,
800 1366 942 1428 volumus
958 1389 996 1428 ac
1016 1367 1110 1428 etiam
1134 1366 1311 1428 ordinamus
1334 1367 1435 1446 quod,

280 1449 308 1509 si
338 1449 532 1512 examinator
562 1453 728 1534 pradictus
756 1453 864 1515 artista
895 1454 999 1525 fuerit,
1027 1452 1139 1514 Socios
1165 1450 1246 1512 alius
1267 1449 1386 1532 jurista
1409 1454 1437 1514 si

279 1535 460 1615 graduatus,
488 1559 582 1619 quem
608 1538 712 1600 dictus
740 1540 928 1601 examinator
955 1539 1079 1601 duxerit
1107 1538 1339 1610 assumendum,
1373 1538 1435 1600 sibi

279 1621 400 1684 assistat
429 1623 463 1684 in
486 1623 616 1707 singulis
638 1627 916 1687 examinationibus
942 1636 972 1687 et
995 1623 1147 1687 scrutiniis
1170 1622 1380 1708 supradictis3
1406 1625 1434 1686 si

280 1727 349 1769 varo
373 1709 568 1772 examinator
591 1707 771 1792 hujusmodi
792 1709 905 1793 jurista
928 1712 1027 1781 fuerit,
1051 1726 1126 1772 tunc
1153 1710 1247 1772 modo
1273 1710 1433 1773 consimili

280 1792 424 1855 artistam
455 1818 512 1878 per
539 1797 643 1880 ipsum
667 1799 782 1860 assumi
808 1796 946 1863 volumus
970 1808 1001 1860 et
1026 1795 1154 1881 adjungi
1183 1796 1293 1859 eidem.
1341 1795 1432 1858 lubi-

281 1880 390 1942 bentes'
410 1881 526 1943 eisdem
556 1885 776 1946 scrutatoribus
804 1884 866 1946 sive
895 1883 1166 1955 examinatoribus,
1198 1903 1236 1944 ne
1264 1882 1433 1965 quisquam

279 1966 404 2027 nomina
418 1989 622 2049 personarum
637 1968 844 2056 detegentium
859 1971 921 2032 sive
944 1969 1166 2053 deponentium
1191 1990 1296 2030 coram
1319 1969 1374 2039 eis,
1399 1970 1432 2030 in

280 2052 433 2113 scrutiniis
462 2053 630 2136 praedictis,
660 2057 867 2139 quovismodo
895 2056 1020 2127 revelet,
1057 2055 1116 2116 sub
1146 2056 1285 2138 ipsorum
1323 2054 1434 2116 debito

281 2137 408 2220 praestiti
417 2136 593 2219 juramenti.
644 2140 680 2202 In
695 2165 758 2225 quo
772 2143 930 2214 scrutinio,
953 2143 992 2204 de
1015 2141 1211 2226 singulorum
1239 2139 1433 2202 scholarium

281 2236 311 2285 et
334 2223 499 2286 Sociorum
525 2227 596 2305 vita,
621 2229 849 2291 conversatione
872 2241 902 2292 et
922 2230 1068 2302 moribus,
1093 2227 1334 2301 conditionibus,
1358 2247 1434 2307 pro-

282 2312 426 2394 fectuque
451 2309 644 2388 scholastico,
667 2316 806 2378 scientiis
830 2327 860 2378 et
884 2315 1088 2378 facultatibus
1113 2314 1227 2398 quibus
1253 2310 1431 2388 intendunt,

282 2396 556 2483 observationeque
581 2412 768 2464 statutorum
793 2417 824 2466 et
847 2403 1075 2465 ordinationum
1098 2412 1283 2470 nostrorum,
1308 2418 1432 2460 necnon

284 2483 323 2546 de
338 2486 483 2549 omnibus
499 2509 568 2570 quae
582 2487 613 2549 in
631 2487 698 2571 ipso
716 2488 860 2574 Collegio
875 2490 925 2553 vel
940 2492 1074 2574 personis
1087 2485 1228 2569 ejusdem
1245 2484 1434 2549 correctione

283 2581 314 2632 et
329 2573 544 2636 reformatione
559 2574 712 2660 indigent,
734 2577 859 2639 cautius
882 2588 913 2639 et
936 2575 1113 2662 diligentius
1136 2574 1318 2657 inquiratur,
1341 2581 1434 2653 atquc

284 2656 410 2730 ibidem,
426 2661 595 2722 secundum
611 2662 695 2744 quod
710 2685 765 2745 per
781 2663 1012 2745 inquisitionem
1031 2668 1186 2742 repertum
1212 2659 1313 2734 fuerit,
1339 2655 1436 2717 corri-

69 2761 233 2812 Retormation
247 2763 276 2812 ot
286 2743 388 2824 ganda
404 2745 608 2827 corrigantur.
656 2747 692 2806 ln
707 2746 897 2826 hujusmodi,
915 2748 1049 2825 insuper,
1073 2739 1231 2817 scrutinio,
1249 2741 1437 2821 diligentius

67 2826 159 2884 abusae,
170 2833 216 2874 etc.

70 3432 190 3483 lnfliction
201 3434 229 3482 of

69 3497 244 3610 ptqnislrments,

68 4543 161 4591 Statutc
171 4549 196 4592 to
207 4543 237 4594 bc

66 4607 122 4656 read
135 4607 212 4656 befooe
286 4633 293 4646 ·

68 4670 186 4720 indiction
198 4673 225 4720 of

48 4735 224 4796 punishment.

286 2825 436 2888 habeatur
460 2838 610 2888 tractatus
635 2830 811 2890 communis
831 2829 871 2888 de
896 2839 926 2890 et
948 2847 1043 2907 supra
1071 2822 1253 2885 ordinandis
1279 2834 1308 2882 et
1337 2825 1437 2886 refor-

284 2912 404 2973 mandis
420 2912 569 2974 omnibus
593 2923 622 2974 et
638 2913 865 2997 singulisque
885 2912 966 2973 circa
987 2907 1167 2991 spiritualia
1187 2918 1218 2970 et
1240 2910 1435 2990 temporalia

284 2993 423 3082 Collegii
447 2996 588 3080 praedicti
611 2997 811 3083 expedienda,
833 3007 899 3060 tam
922 2997 1002 3058 infra
1021 3016 1117 3077 quam
1142 3003 1241 3070 extra,
1256 3007 1437 3072 occurrent,

282 3103 339 3142 seu
355 3082 443 3144 utilia
458 3083 651 3149 videbuntur.
697 3084 740 3147 Et
756 3084 781 3145 si
799 3083 840 3144 ad
855 3082 1040 3165 perficienda
1053 3079 1215 3163 premissa
1227 3081 1349 3164 primus
1365 3081 1435 3145 dies

285 3167 424 3229 scrutinii
450 3166 630 3250 hujusmodi
656 3190 717 3231 uon
741 3169 881 3240 sufficiat,
906 3168 1007 3250 ipsam
1036 3167 1196 3253 prorogari
1225 3167 1370 3229 volumus
1400 3177 1435 3228 et

284 3252 458 3316 continuari
487 3255 529 3317 ad
558 3255 626 3318 dies
655 3255 782 3316 ultiores
813 3253 953 3339 proxime
980 3265 1051 3316 tunc
1077 3264 1251 3336 sequentes,
1282 3264 1327 3315 tot
1355 3265 1436 3335 quot

285 3343 481 3425 negotiorum
503 3346 537 3403 et
556 3363 659 3402 rerum
675 3341 840 3403 necessitas
856 3341 978 3425 exigent
994 3353 1025 3402 et
1039 3350 1212 3424 exposcent.
1257 3339 1347 3417 Item,
1370 3352 1433 3402 sta-

285 3427 410 3502 tuimus,
429 3427 611 3490 ordinamus
627 3437 657 3489 et
671 3426 829 3504 volumus,
850 3427 933 3512 quod
949 3427 1129 3510 punitiones,
1151 3427 1384 3488 reformationes
1401 3439 1434 3488 et

285 3515 485 3576 correctiones
510 3535 715 3597 quaecunqne,
741 3516 882 3577 omnium
907 3523 939 3578 et
961 3513 1156 3599 singulorum
1180 3513 1434 3589 criminun1,ex·

286 3622 442 3676 cessuum,
467 3603 757 3685 transgressionum,
779 3602 957 3662 defectuum
981 3622 1019 3662 ac
1042 3601 1136 3661 etiam
1158 3598 1353 3672 delictorum,
1378 3618 1435 3680 per

285 3708 484 3770 quoscunque
513 3685 669 3749 scholares
698 3687 748 3750 vel
778 3688 885 3750 Socios
914 3687 989 3749 dicti
1019 3686 1152 3772 Collegii
1182 3686 1431 3761 commissorum,

285 3793 380 3854 quarn
403 3773 494 3834 citius
515 3773 578 3834 ficri
600 3774 721 3858 poterit,
746 3774 825 3834 infra
846 3787 905 3834 tres
922 3772 991 3834 dies
1007 3771 1165 3834 continuos
1182 3784 1346 3856 postquam
1362 3770 1433 3851 ipsa

284 3869 443 3943 comperta
467 3858 579 3920 fuerint
603 3859 653 3921 vel
678 3859 792 3939 delata,
819 3882 871 3922 seu
896 3857 975 3920 alias
998 3859 1037 3920 de
1059 3859 1137 3941 ipsis
1159 3857 1299 3943 legitime
1317 3855 1433 3919 cousti-

284 3944 363 4014 terit,
382 3942 474 4025 juxta
489 3966 615 4006 omnem
637 3945 703 4006 vim
727 3958 757 4008 et
782 3948 914 4007 sormam
941 3957 1127 4007 statutorum
1149 3956 1179 4006 et
1200 3942 1432 4004 ordinationum

284 4029 380 4111 ipsius
396 4028 538 4116 Collegii,
554 4032 672 4114 absque
687 4031 834 4094 dilatione
848 4031 1003 4109 ulteriore,
1025 4031 1101 4091 fiant
1115 4030 1214 4091 debite
1230 4029 1312 4090 sicut
1325 4028 1412 4089 decet
1421 4052 1432 4104 ;

282 4114 343 4176 nisi
360 4116 460 4179 forsan
474 4130 602 4202 propter
622 4117 770 4180 Custodis
795 4118 844 4180 vel
865 4139 1003 4201 personae
1027 4115 1250 4198 delinquentis,
1273 4125 1327 4176 aut
1350 4113 1433 4175 alte·

283 4201 347 4262 rius
376 4200 591 4286 cujuscunque
621 4203 662 4265 ad
702 4203 882 4286 hujusmodi
912 4203 1133 4265 correctionem
1167 4213 1198 4263 et
1236 4199 1431 4284 punitionem

277 4283 371 4367 juxta
394 4289 608 4352 ordinationes
631 4302 660 4352 et
685 4303 803 4353 statuta
827 4289 901 4352 dicti
918 4287 1048 4373 Collegii
1071 4287 1219 4370 requisiti,
1243 4285 1431 4362 absentiam,

281 4373 332 4434 vel
348 4385 474 4460 propter
487 4376 582 4438 aliam
598 4399 727 4438 calisam
742 4389 912 4462 urgentem,
936 4374 1045 4436 utilem
1060 4373 1110 4435 vel
1130 4373 1340 4450 necessariam,
1364 4392 1432 4432 cor·

282 4461 446 4538 rectiones,
470 4461 645 4545 punitiones
665 4474 694 4524 et
709 4462 954 4533 reformationes,
977 4458 1170 4542 hujusmodi,
1186 4459 1302 4520 fuerint
1316 4456 1432 4519 merito

283 4543 471 4618 differenda,
482 4548 529 4612 vel
547 4548 715 4611 dilationes
730 4561 877 4634 expetant
893 4547 1054 4633 largiores.
1103 4545 1320 4628 Volumusque
1332 4541 1431 4628 quod,

284 4657 316 4699 ru
332 4633 582 4699 correctionibus
595 4648 623 4698 et
639 4634 863 4718 punitionibus
878 4631 1073 4716 hujusmodi,
1088 4632 1257 4717 dequibus
1272 4633 1306 4692 in
1317 4628 1432 4693 nostris
