3014 4898
365 277 502 343 &astes
515 278 554 361 of
563 277 621 339 All
634 275 728 342 scats
746 273 874 360 Colleqe,
893 272 1022 357 Oascrd.
1227 271 1270 340 67

117 445 233 506 eisdem
264 467 333 509 teus
355 447 514 510 manifeste
536 447 694 510 convictus
710 447 823 522 irrerit3
845 456 992 508 extunca
1018 444 1101 507 dicto
1116 441 1269 529 Collegio,

116 532 270 613 praesentis
285 541 399 595 nostra
408 533 609 596 ordinationis
621 533 735 617 vigore,
745 531 832 594 nulla
847 531 908 594 alia
922 530 1088 594 monitione
1100 531 1269 614 premissa,

116 617 279 679 exclusum
308 628 339 679 et
361 619 515 701 privatum
531 621 595 680 fore
622 618 692 700 ipso
718 619 799 682 lacto
822 616 1016 680 deceruimus
1039 628 1071 680 et
1092 616 1267 693 statuimus,

116 703 232 786 absque
248 702 460 788 cujuscunque
476 704 694 788 appellationis
709 703 847 766 remedio
862 701 909 764 vel
925 701 1066 786 querelae.

161 786 327 866 Praeterea,
342 791 508 853 statuimus
523 802 551 853 et
566 789 716 868 volumus,
731 788 816 874 qnod
830 789 928 872 siquis
943 788 1105 851 Sociorum
1118 787 1164 851 vel
1180 787 1266 852 scho-
1280 783 1358 833 other
1367 800 1451 860 caum

117 870 233 937 larium
254 875 328 939 dicti
346 875 477 957 Collegii
502 876 682 961 religionem
708 875 875 950 intraverit,
891 886 945 937 aut
969 875 1011 936 ad
1026 871 1161 957 alicujus
1176 848 1449 962 obse-{i'glffflffin

117 960 239 1042 quium,
255 983 311 1044 per
325 962 410 1047 quod
425 983 445 1022 a
459 961 562 1024 studio
585 961 790 1044 impediatur,
805 981 837 1021 sc
851 959 1087 1043 mancipaverit,
1102 981 1267 1022 uxoremve
1277 976 1388 1025 scholam.

117 1045 247 1121 duxerit,
264 1047 311 1109 vel
337 1049 377 1110 ab
393 1047 461 1131 ipsu
476 1046 619 1132 Collegio
644 1047 747 1110 animo
762 1045 920 1108 deserendi
936 1045 1076 1107 studium
1092 1048 1266 1121 recesserit3

115 1131 199 1213 quod
222 1132 352 1217 intelligi
367 1134 511 1196 volumus
526 1155 593 1196 esse
616 1134 732 1196 factum
748 1154 785 1195 eo
799 1132 869 1215 ipso
887 1130 977 1215 quod·
998 1133 1138 1214 ipsorum
1153 1132 1268 1215 aliquis

116 1215 198 1280 ultra
220 1221 382 1303 sexaginta
405 1218 524 1282 diesin
550 1239 642 1292 anno,
666 1219 825 1282 continuos
851 1217 896 1280 vel
919 1216 1128 1302 interpolatim
1144 1216 1268 1280 discon-

118 1302 229 1382 tinuos‚
244 1317 380 1366 cessante
397 1304 576 1368 infirmitate
598 1304 750 1386 corporali
765 1325 818 1366 seu
834 1303 1028 1386 negotiorum
1044 1300 1174 1387 Collegii
1197 1324 1252 1387 pro

116 1390 282 1468 curatione,
297 1400 327 1452 et
341 1391 396 1453 uisi
419 1412 459 1452 ex
473 1390 580 1475 aliqua
605 1412 698 1453 causa
720 1388 905 1467 rationabili,
920 1386 1061 1465 Custodi,
1077 1386 1217 1451 Decanis
1238 1401 1269 1450 et.

118 1474 276 1550 burseriis,
290 1475 369 1537 infra
383 1476 419 1537 tri
444 1476 509 1538 inta
519 1477 585 1538 dies
595 1475 773 1538 immediate
787 1483 957 1558 sequentes,
970 1473 1146 1536 intimanda
1161 1496 1197 1535 ac
1214 1495 1269 1559 per

117 1560 242 1621 eosdem
265 1497 474 1643 approbanda,
489 1583 509 1622 a
524 1560 607 1623 dicto
622 1559 770 1646 Collegio
793 1581 826 1621 se
849 1559 1056 1622 absentaverit
1068 1584 1078 1637 ;
1102 1580 1156 1621 seu
1181 1561 1267 1643 quod

118 1647 356 1727 patrimonium,
381 1645 606 1718 hereditatem,
623 1645 747 1709 feodum
770 1644 925 1721 saeculare,
952 1657 1006 1707 aut
1031 1666 1168 1707 annuam
1191 1667 1267 1729 pen·

117 1731 233 1792 sionem
259 1732 301 1795 ad
317 1731 462 1811 valorem,
487 1732 709 1796 communibus
730 1731 825 1808 annis,
852 1742 978 1793 centum
1000 1730 1168 1793 solidorum
1193 1744 1269 1792 ster·

118 1815 285 1903 lingorum,
315 1833 472 1882 assecutus
501 1819 609 1896 fuerit3
634 1832 714 1896 tnnc,
740 1817 825 1881 infra
852 1839 905 1879 sex
931 1838 1051 1880 menses
1081 1839 1100 1878 a
1129 1827 1269 1900 ternpore

117 1904 318 1967 assecutiouis
341 1903 525 1987 hujusmodi
549 1904 694 1966 continue
716 1915 883 1981 secuturos,
907 1904 1090 1966 auctoritate
1112 1904 1269 1986 praesentis

118 1991 238 2068 statuti,
253 2012 325 2052 eum
349 2013 368 2052 a
382 1992 462 2053 dicto
478 1989 621 2076 Collegio
646 1989 802 2073 privatum
816 2002 846 2050 et
862 2002 1000 2051 amotum
1016 1988 1079 2050 loru
1100 1989 1268 2051 statuimus

118 2074 186 2156 ipsu
201 2076 290 2154 lacto,
306 2098 342 2139 ac
357 2088 471 2139 extunc
498 2099 554 2160 pro
569 2097 632 2139 non
655 2076 785 2138 scholari
801 2074 849 2137 vel
898 2097 931 2137 ro
950 2096 1008 2136 non
1033 2073 1128 2137 Socio
1144 2074 1267 2156 penitus
1396 2115 1399 2120 Δ

118 2158 280 2223 habeatur.
323 2161 359 2224 si
375 2183 449 2224 vero
462 2162 576 2244 aliquis
587 2161 751 2224 Sociorum
767 2161 817 2224 vel
843 2097 1031 2225 scholarium
1046 2158 1266 2244 praedictorum
1279 2175 1389 2236 Hotutng
1399 2174 1457 2224 bena

117 2245 305 2308 beneficium
328 2248 583 2325 ecclesiasticum,
600 2269 670 2308 cum
696 2267 771 2309 cura
786 2244 836 2307 vel
850 2245 914 2307 sine
928 2266 1013 2324 cura,
1036 2244 1126 2326 cujus
1141 2248 1266 2324 tructus,
1278 2241 1333 2288 ⁰⁰³¹
1342 2240 1457 2351 ‘'3⁰⁷⁰‘ss

119 2331 260 2393 redditus
286 2343 317 2394 et
343 2345 517 2414 proventus,
539 2332 647 2394 decem
676 2352 855 2392 marcarum
881 2331 1102 2414 sterlingorum
1130 2328 1265 2392 valorem
1276 2303 1453 2419 ffitfmm

117 2437 271 2496 annuum,
303 2417 333 2479 si
361 2417 393 2479 in
419 2416 529 2480 eodem
558 2414 759 2503 personaliter
789 2415 930 2494 resideat,
954 2414 1110 2494 excedent,
1135 2415 1267 2563 adeptus

119 2500 219 2580 fuerit,
246 2504 341 2565 etiam
366 2502 394 2565 si
410 2503 522 2565 vicaria
544 2503 667 2583 existat,
691 2523 866 2585 perunum
887 2522 1011 2581 annum,
1034 2512 1065 2563 et
1088 2522 1147 2564 non
1170 2525 1192 2564 u
1207 2514 1267 2574 tra,

117 2607 193 2648 eum
217 2588 251 2649 in
266 2589 350 2652 dioto
364 2587 507 2673 Collegio
531 2589 662 2653 Socium
676 2587 729 2650 vel
754 2586 926 2650 scholarem
941 2598 1024 2649 stare
1046 2587 1268 2671 permittimus.

120 2672 282 2754 Volentes,
306 2697 342 2738 ac
365 2677 460 2737 etiam
484 2675 696 2753 decernentes,
720 2669 815 2756 quod,
838 2684 911 2756 post
930 2671 1063 2757 'lapsum
1085 2673 1270 2756 hujusmodi

120 2780 247 2832 annum,
262 2760 325 2822 nisi
348 2761 427 2824 infra
443 2781 559 2822 anuum
573 2762 704 2824 eundem
730 2761 835 2842 ipsum
855 2757 1039 2822 beneficium
1064 2757 1271 2824 effectualiter

119 2844 286 2925 dimiserit,
310 2847 357 2909 vel
386 2847 453 2917 nisi,
476 2847 673 2909 cessantibus
690 2845 763 2907 dolo
789 2857 818 2907 et
844 2844 950 2907 fraude
973 2867 1011 2909 ac
1034 2842 1119 2908 malo
1142 2846 1269 2928 iugenio

119 2931 196 3009 suis,
223 2931 403 3016 litigiosum
426 2932 476 3010 sit,
492 2931 564 3016 ipso
589 2933 668 2994 lacto
691 2952 746 3014 pro
771 2952 832 2993 non
861 2930 993 2994 scholari
1016 2929 1064 2992 vel
1088 2952 1147 2994 non
1175 2931 1269 2994 Socio

121 3017 271 3080 habeatur
293 3019 425 3101 penitus.
472 3017 646 3081 Custodem
661 3038 729 3080 vero
744 3015 823 3080 dicti
845 3014 995 3101 Collegii,
1012 3027 1135 3100 propter
1157 3017 1268 3101 aliqua
1280 3027 1385 3074 ersn
1397 3041 1454 3087 may

120 3102 268 3165 beneficia
293 3103 515 3182 ecclesiastica,
542 3103 683 3166 redditus
710 3103 757 3165 vel
779 3110 960 3188 proventus,
974 3103 1193 3166 ecclesiasticos
1220 3104 1266 3165 vel
1276 3090 1457 3203 mm&

120 3189 217 3249 etiam
233 3189 430 3272 temporales,
440 3187 655 3272 cujuscunque
667 3188 780 3251 valoris
794 3188 936 3265 existant,
954 3210 1007 3270 per
1022 3188 1129 3271 ipsum
1144 3190 1267 3252 obtenta
1278 3218 1358 3268 mu„
1452 3203 1457 3214 ⁴

120 3272 170 3335 vel
186 3273 219 3334 in
234 3283 392 3356 posterum
416 3274 592 3353 obtinenda,
607 3275 647 3335 ab
666 3271 771 3335 officio
785 3270 937 3335 Custndis
960 3273 1097 3335 amoveri
1113 3273 1267 3350 nolumus,

120 3358 249 3420 destitui
272 3357 323 3422 vel
346 3358 483 3441 privari:
506 3359 583 3420 dum
608 3370 712 3420 tamen
733 3358 767 3420 in
793 3357 881 3420 dicto
904 3356 1053 3443 Collegiu
1076 3358 1221 3437 resideat,
1236 3371 1268 3420 et

121 3443 260 3505 officium
276 3466 370 3505 suum
387 3456 474 3528 gerat
489 3466 527 3505 ao
542 3443 645 3506 debite
658 3452 838 3527 exequatur.
896 3462 900 3467 ·

164 3527 201 3590 ln
215 3550 351 3612 quorum
368 3528 512 3591 omnium
528 3541 558 3591 et
572 3529 766 3614 singulorum
781 3528 1015 3612 praemissorum
1026 3527 1121 3590 fidem
1135 3538 1165 3589 et
1180 3529 1267 3592 testi·

120 3614 274 3693 monium,
294 3636 359 3694 nos,
386 3614 560 3693 Henrious,
579 3615 856 3699 Archiepiscopus,
871 3613 1026 3698 Legatus,
1050 3627 1081 3676 et
1105 3614 1268 3678 Fundator

121 3699 299 3783 praedictus,
329 3699 438 3785 sigilla
467 3711 569 3763 nostra
598 3700 779 3779 Trinitatis,
806 3700 911 3764 Sancti
940 3700 1073 3762 Thomae
1103 3699 1266 3786 Martyris,

121 3806 238 3846 necnon
250 3786 399 3871 martyrii
414 3784 553 3869 ejusdem
566 3785 677 3849 Sancti
687 3785 831 3866 Thomas,
847 3798 878 3848 et
891 3808 1051 3848 armorum
1065 3799 1267 3850 sacrosancta

122 3871 275 3934 Ecclesiae
291 3872 412 3935 Christi
428 3872 665 3937 cantuariensis
686 3882 717 3934 et
742 3884 927 3942 nostrorum,
940 3871 1146 3954 praesentibus
1169 3894 1266 3958 appo·

121 3957 253 4024 suimus.
279 3952 281 3957 ’
306 3959 428 4022 Datum
452 3958 487 4020 in
511 3958 654 4020 manerio
680 3967 781 4020 nostro
808 3960 846 4021 de
873 3956 1041 4036 Lambeth,
1064 3958 1099 4020 in
1129 3958 1267 4021 secundo

121 4043 173 4104 die
200 4044 316 4107 mensis
340 4043 475 4128 Aprilis,
499 4065 582 4108 anno
604 4042 739 4106 Domini
762 4042 931 4106 millesimo
956 4041 1267 4128 quadringentesimo

143 4130 361 4215 uadragesimo
378 4131 480 4208 tertio,
497 4129 668 4193 indictione
683 4142 779 4199 sexta,
795 4129 1001 4212 pontificatus
1020 4129 1212 4193 sanctissimi
1235 4131 1268 4192 iu

121 4152 249 4278 1110100
275 4216 373 4299 patris
397 4217 515 4280 domini
538 4215 629 4278 nostri
651 4214 775 4278 domini
791 4215 930 4300 Eugenii
944 4215 1055 4278 divina
1073 4215 1270 4298 providentia

122 4298 220 4382 Papae
248 4302 351 4384 quarti
380 4325 458 4366 anno
483 4302 572 4364 tertio
600 4300 735 4378 decimo,
761 4312 793 4362 et
814 4309 925 4366 unstrae
950 4299 1158 4365 translationis
1181 4301 1267 4365 vice·

122 4387 202 4448 simo
226 4406 317 4448 nono.
370 4387 578 4450 Praesentibus
602 4399 677 4450 tunc
701 4385 822 4448 ibidem
846 4386 1074 4449 venerabilibus
1096 4387 1171 4449 viris
1196 4385 1269 4452 Ma·

122 4472 227 4557 gistris
246 4471 374 4536 Thoma
390 4472 552 4553 Chichele,
569 4471 803 4643 Arclpipipacuno
827 4472 1061 4550 Cantuariensi‚
1076 4472 1269 4622 {willielmo
1367 4480 1370 4485 '

681 4606 688 4620 .
1032 4577 1053 4621 rr
1075 4565 1084 4591 ‘
