3014 4898
442 294 677 385 Royetl’atar
691 299 943 385 offundam
1251 297 1272 372 t

117 463 366 623 Archiepiscppo
395 483 425 535 et
447 473 678 537 successoribus
708 472 772 535 suis
802 470 969 557 predictis,
992 467 1084 623 guod
1114 470 1182 557 ipsi,
1212 494 1269 558 per

117 577 276 622 assensum
337 559 424 623 riori!
446 571 478 625 et
507 559 649 642 Capituli
678 556 817 621 ecclesiae
846 559 965 624 Christi
1023 561 1180 638 antueriae,
1212 579 1268 643 pro

117 655 259 726 tempore
272 645 480 714 existentium.
496 645 728 710 advocationem
750 657 781 708 et
801 657 1002 730 patronatum
1018 644 1154 709 eeclesiae
1169 668 1266 731 paros

115 729 228 795 obialis
247 731 287 794 de
312 723 438 818 Trenge
465 729 684 796 Lincolniensis
702 730 859 810 dioecesis,
882 729 922 797 de
948 731 1107 816 provincia
1126 727 1266 818 Cantus·

118 816 222 890 riensi,
254 838 326 901 quae
348 832 396 882 est
420 816 462 881 de
487 817 689 881 advocatione
712 829 742 879 et
770 829 939 902 patronatu
968 819 1068 902 ipsius
1096 820 1266 902 compatris

116 904 224 977 nostri,
238 915 271 966 ut
290 904 331 969 de
349 895 420 988 jure
446 904 752 988 Archiepiscopatus
778 898 829 967 sui
850 901 1078 971 Cantauriensis
1106 904 1264 985 antedicti,

117 1000 147 1052 et
162 990 268 1073 quide
289 991 377 1054 nobis
400 1000 542 1056 tenentur
564 990 594 1053 in
616 989 721 1074 capite
749 1003 783 1052 ut
806 990 930 1064 dicitur,
945 991 1061 1055 eisdem
1080 987 1214 1055 Custodi
1235 1005 1265 1056 et

117 1072 272 1162 Collegio,
297 1086 326 1142 et
349 1077 580 1142 successoribus
605 1077 679 1155 suis,
702 1075 780 1140 dare
804 1077 927 1160 possint
949 1094 981 1140 et
1005 1077 1182 1162 assignare3
1206 1076 1263 1141 ha·

116 1159 236 1224 bendos
250 1173 281 1225 et
293 1163 443 1227 tenendos
464 1162 603 1248 praefatis
620 1159 749 1226 Custodi
767 1173 799 1225 et
813 1161 968 1247 Collegio,
988 1175 1019 1228 et
1034 1165 1264 1231 successoribus

115 1247 189 1327 suis,
200 1248 452 1333 imperpetuum:
474 1260 504 1312 et
516 1249 634 1314 eisdem
642 1244 776 1315 Custodi
786 1263 816 1314 et
826 1241 983 1336 collegio,
992 1259 1022 1314 et
1034 1251 1264 1315 successoribus

116 1333 183 1396 suis
197 1335 366 1418 praedictis,
380 1336 466 1420 quod
489 1336 552 1421 ipsi
575 1348 773 1418 patronatum
796 1346 827 1400 et
849 1335 1083 1399 advocationem
1098 1337 1263 1420 praedictos

115 1442 135 1482 a
150 1423 277 1504 praefato
293 1420 537 1508 Archiepiscopo
552 1433 584 1485 et
598 1419 824 1486 successoribus
847 1425 911 1486 suis
931 1415 1099 1507 praedictis,
1115 1423 1147 1485 in
1164 1424 1264 1486 forms

115 1507 278 1590 praedicta,
298 1509 447 1593 recipere,
468 1521 500 1573 et
524 1507 690 1576 ecclesiam
717 1508 807 1571 illem
833 1509 1048 1594 appropriare,
1071 1517 1103 1571 et
1123 1530 1194 1572 eam
1219 1510 1263 1574 sic

115 1594 359 1677 appropriatam
384 1594 416 1658 in
441 1595 583 1679 proprios
612 1617 688 1661 usus
717 1607 828 1668 tenere,
854 1598 986 1680 possint,
1008 1593 1117 1658 sibiet
1141 1616 1262 1661 succesd

116 1679 239 1743 sonibus
269 1681 332 1744 suis
367 1682 522 1766 praedictis
557 1682 801 1766 imperpetuum.
861 1677 988 1746 Proviso
1015 1701 1148 1763 semper,
1179 1679 1264 1764 quod

115 1765 231 1830 vicaria
245 1761 389 1850 ejusdem
402 1767 553 1848 ecclesiae,
564 1761 660 1850 juxta
669 1766 893 1833 ordinationem
906 1768 966 1834 ioci
981 1767 1065 1831 illius
1078 1767 1262 1846 diocesani,

18 1865 19 1868 ’
114 1847 305 1919 sufficienter
319 1855 456 1933 dotetur,
479 1866 511 1918 et
529 1856 613 1938 quod
634 1856 780 1952 quaedam
802 1864 981 1939 competens
1002 1873 1128 1917 summa
1141 1852 1264 1938 argenti

115 1936 196 2002 inter
215 1961 373 2024 pauperes
392 1942 598 2026 parochianos
620 1941 762 2024 quadem
784 1940 924 2006 ecclesiae
946 1938 1079 2026 singulis
1094 1935 1185 2004 annis
1198 1939 1264 2004 dis-

115 2023 280 2101 tribuetur,
289 2021 383 2109 juxta
398 2028 530 2096 formam
542 2029 647 2093 statuti
661 2025 736 2092 inde
751 2027 826 2090 editi
844 2036 875 2090 et
892 2028 1017 2111 provisi.
1065 2025 1108 2089 Et
1122 2026 1264 2098 ulterius,

117 2110 157 2174 de
173 2111 312 2179 uberiori
326 2115 426 2198 gratia
442 2126 557 2192 nostru,
572 2115 784 2181 concessimus
804 2125 836 2177 et
855 2113 1017 2180 licentiam
1032 2111 1188 2188 dedimus,
1205 2133 1264 2197 pro

116 2197 204 2262 nobis
218 2212 248 2263 et
263 2198 434 2265 haeredibus
448 2201 569 2279 nostris,
585 2214 739 2284 quantum
762 2200 794 2267 in
816 2199 906 2267 nobis
921 2210 975 2270 est,
989 2198 1111 2262 eisdem
1129 2195 1264 2262 Custodi

116 2293 149 2344 et
165 2281 322 2371 Collegio,
338 2296 369 2348 et
390 2286 618 2349 successoribus
638 2284 706 2349 suis
729 2286 894 2370 praedictis,
908 2286 990 2369 quod
1007 2284 1072 2368 ipsi
1093 2293 1125 2347 et
1141 2305 1265 2347 succes-

117 2389 201 2432 sores
214 2371 265 2432 sui
279 2372 457 2454 perquirere
480 2373 604 2457 possint
626 2382 725 2434 terres
751 2384 781 2436 et
803 2383 977 2438 tenemento
992 2372 1034 2433 ed
1050 2367 1185 2434 valorem
1200 2381 1264 2432 tre·

116 2466 276 2518 cantarum
289 2456 438 2520 librarum
454 2479 512 2542 per
533 2480 663 2533 annum,
677 2469 744 2520 tam
768 2458 807 2520 de
830 2449 920 2520 terris
942 2468 974 2520 et
992 2456 1173 2518 tenementis
1193 2476 1264 2539 quae

117 2553 184 2604 tam
209 2542 250 2605 de
275 2542 367 2605 nobis
393 2544 424 2604 in
449 2543 553 2627 capite
581 2565 677 2626 quam
706 2544 747 2607 de
772 2540 845 2606 aliis
872 2553 1032 2618 tenentum
1061 2541 1205 2605 habenda
1233 2553 1264 2603 et

116 2628 251 2690 tenenda
273 2628 392 2691 eisdem
415 2627 552 2708 Custodi
573 2641 604 2693 et
629 2628 783 2716 Collegio,
797 2641 827 2692 et
848 2628 1073 2693 successoribus
1096 2628 1159 2690 suis
1185 2649 1264 2711 prae-

116 2713 221 2792 dictis,
243 2736 303 2798 pro
332 2718 558 2778 sustentatione
595 2725 626 2778 et
665 2737 773 2778 eorum
808 2715 893 2796 victu
926 2727 957 2778 et
984 2715 1106 2788 vestitu,
1129 2736 1168 2776 ec
1191 2715 1264 2777 aliis

116 2798 300 2863 necessariis
314 2820 421 2864 eorum
436 2801 575 2888 agendis,
591 2797 835 2886 imperpetuum.
867 2796 957 2866 Dum
967 2811 1083 2872 tamen,
1092 2821 1151 2884 per
1160 2794 1266 2884 inqui·

117 2883 248 2950 sitiones
276 2888 351 2952 inde
379 2889 415 2952 in
438 2889 540 2953 forma
569 2887 676 2950 debita
705 2888 887 2971 capiendas,
910 2900 942 2950 et
972 2888 1006 2949 in
1036 2885 1264 2950 Cancellariam

118 2985 257 3036 nostram
286 2985 318 3038 et
348 2974 505 3040 haereuum
535 2986 712 3037 nostrorum
743 2976 799 3037 rite
829 2973 1039 3047 retomandas‚
1070 2983 1265 3058 compertum

118 3053 235 3121 existat
252 3056 387 3143 quodid
403 3061 472 3125 fieri
488 3062 590 3145 possit
612 3062 728 3144 absque
750 3061 869 3124 damno
884 3059 933 3122 vel
952 3057 1140 3145 praejudicio
1162 3070 1266 3122 nostro

116 3143 166 3208 vei
180 3144 340 3209 haeredum
355 3158 540 3224 nostrorum,
556 3155 610 3210 aut
625 3142 761 3230 alicujus
776 3146 907 3211 alterius
923 3143 1146 3229 cujuscunque.
1206 3145 1265 3216 Eo,

117 3231 203 3313 quod
220 3251 371 3314 expressa
384 3232 504 3296 mentio
524 3235 564 3296 de
586 3255 658 3297 vero
680 3234 785 3296 valore
806 3234 975 3296 eorundem
990 3226 1176 3314 messuagij,
1191 3230 1264 3293 sho·

117 3332 231 3400 patum
254 3329 285 3379 et
308 3318 439 3403 placere,
463 3318 599 3382 minime
622 3319 707 3380 facta
728 3331 797 3397 est;
822 3338 878 3382 seu
897 3328 1014 3381 statuto
1033 3318 1073 3379 de
1096 3317 1186 3378 terris
1209 3326 1264 3379 aut

116 3402 299 3466 tenementis
325 3404 367 3466 ad
390 3425 520 3467 manum
544 3416 702 3469 mortuam
723 3426 784 3466 non
803 3404 975 3486 ponendis3
1001 3424 1056 3466 seu
1078 3401 1164 3486 quod
1186 3423 1265 3484 pree·

117 3488 198 3550 dicti
220 3487 384 3554 advocatio
406 3506 437 3552 et
459 3501 641 3574 patronatus
663 3489 703 3552 de
721 3489 824 3567 nobis,
837 3499 872 3552 ut
887 3489 1057 3573 prassinus,
1073 3498 1215 3550 tenentur
1229 3488 1264 3549 in

117 3573 239 3655 capite3
265 3597 321 3637 seu
341 3574 450 3658 aliquo
473 3575 537 3638 alio
560 3585 677 3638 statuto
699 3573 766 3638 sive
789 3575 986 3638 ordinatione
1014 3575 1049 3636 in
1070 3572 1263 3635 contrarium

116 3660 211 3734 sacto,
227 3661 333 3739 editor
362 3662 591 3725 nonobstante.
636 3657 684 3726 Et
700 3661 761 3725 hoc
774 3663 893 3744 absque
908 3657 1017 3744 aliquo
1031 3659 1132 3730 ieodo,
1148 3680 1264 3745 magno

116 3768 174 3809 seu
188 3762 293 3830 parvo,
309 3759 363 3809 aut
376 3743 482 3830 aliquo
497 3747 560 3811 fine
575 3769 771 3831 quocunque,
785 3747 875 3810 nobis
890 3760 944 3809 aut
960 3744 1138 3808 haeredibus
1148 3745 1263 3807 nostris

116 3833 279 3897 reddendo
298 3833 348 3896 vel
369 3833 523 3906 faciendo,
539 3855 598 3918 pro
618 3833 796 3918 praemissis
817 3832 866 3896 vel
887 3833 992 3916 aliquo
1014 3829 1262 3916 praemissomm.

117 3916 160 3982 Et
183 3917 327 4000 ulterius,
348 3920 388 3983 de
412 3919 516 4004 gratia
539 3929 647 3983 nostra
669 3919 813 4004 speciali,
837 3941 897 4002 pro
921 3917 1013 3983 nobis
1034 3928 1064 3981 et
1083 3918 1262 3982 haeredibus

115 4007 244 4085 nostris,
260 4016 415 4091 quantum
439 4005 475 4068 in
499 4006 590 4070 nobis
612 4018 668 4081 est,
690 4005 900 4070 relaxavimus
923 4005 1046 4068 eisdem
1068 3999 1206 4067 Custodi
1232 4015 1264 4067 et

118 4091 277 4177 Collegio,
285 4104 316 4156 et
324 4093 556 4156 successoribus
570 4092 647 4173 suis,
658 4092 903 4178 imperpetuum,
916 4090 1097 4155 omnimode
1109 4089 1262 4170 corrodia,

115 4179 295 4261 pensiones,
310 4178 537 4253 immunitates,
550 4188 583 4242 et
604 4180 671 4242 alia
690 4200 893 4263 quaecunque,
907 4200 977 4261 quae
992 4199 1049 4240 nos
1064 4173 1111 4239 vel
1126 4175 1263 4239 heredes

117 4266 223 4337 nostri,
251 4276 304 4328 aut
335 4266 453 4350 aliquis
477 4264 561 4329 alius
586 4267 628 4330 ad
650 4278 792 4328 nostrum
816 4287 849 4326 ro
871 4274 958 4327 atum
981 4273 1035 4325 aut
1064 4262 1262 4334 mandatum,

115 4351 237 4413 ratione
266 4351 459 4415 fundationis
486 4362 598 4416 nostrae
633 4350 808 4429 antedictae,
837 4287 878 4413 sir
916 4349 1035 4413 eisdem
1063 4347 1204 4412 Custode
1232 4359 1264 4410 et

63 4432 67 4439 '
118 4433 273 4522 Collegio,
296 4448 327 4501 et
349 4435 583 4504 successoribus
603 4439 671 4501 suis
694 4437 870 4523 praedictis,
878 4434 1003 4522 exigere
1025 4434 1185 4519 possimus
1208 4444 1264 4496 aut

117 4522 221 4604 possit
249 4523 443 4604 infuturum
473 4536 504 4589 et
525 4547 578 4590 eos
599 4524 673 4590 inde
695 4525 815 4610 quietos
838 4546 906 4588 esse
928 4521 1073 4589 volumus
1095 4528 1127 4584 et
1151 4541 1263 4585 conce·
1338 4556 1371 4625 Ι
