3014 4898
488 231 674 312 Irpunctions
689 234 727 315 (ff
745 232 882 294 Visitors.
1219 232 1262 297 83

112 408 141 463 e't
152 398 335 482 juristarum
351 412 425 464 ωηο
439 402 645 485 praesentium,
669 423 816 465 unacum
834 399 981 473 Custode,
1004 401 1034 464 in
1055 403 1167 489 negotii
1188 413 1260 468 tunc

115 486 317 549 incumbentis
337 489 565 571 expeditionem
590 489 782 564 consenserit,
807 486 913 570 aliquo
935 499 1041 551 tamen
1063 511 1101 551 ex
1120 501 1189 554 octo
1207 487 1260 572 ju·

116 572 197 634 ristis
223 570 394 636 senioribus
419 573 524 637 adhuc
550 573 739 638 reclamante
762 585 792 634 et
819 574 1053 653 contradicente,
1078 576 1162 657 quod
1186 585 1259 638 tunc

116 657 230 720 Custos
252 659 293 720 ab
316 659 372 722 illo
394 660 438 721 sic
459 660 608 722 renitente
631 681 756 722 causam
782 683 845 721 suae
861 661 1024 722 renitentiae
1043 661 1214 723 sciscitetur
1228 673 1259 724 et
1316 677 1318 683 ’

115 747 231 828 exigat.
276 743 380 816 Quam
402 745 688 828 quidemcausam,
709 744 873 827 perillum
896 745 1075 830 allegatam,
1098 748 1122 807 si
1143 747 1260 809 Custos

115 850 191 890 cum
214 850 362 893 consensu
388 828 606 894 Vicecustodis
633 842 662 892 et
691 831 806 894 Decani
826 828 1011 911 juristarum
1035 831 1144 914 (modo
1162 831 1259 896 Vice-

116 926 218 976 custos
241 927 270 978 et
295 915 447 979 Decanus
471 916 523 979 ille
546 916 587 978 de
607 938 735 979 numero
758 915 1002 978 dissentientium
1027 939 1084 979 non
1108 918 1257 999 existant)

117 1001 330 1082 reprobaverit,
346 1014 376 1064 et
393 1003 535 1065 frivolam
551 1014 645 1087 atque
659 1003 798 1086 ineptam
810 998 1006 1082 judicaverit,
1026 1015 1082 1065 aut
1097 1004 1122 1064 si
1138 1003 1258 1065 nullam

114 1085 268 1149 dissensus
284 1088 333 1148 sui
349 1110 476 1151 causam
492 1087 603 1150 illesic
619 1110 737 1172 negans
750 1100 782 1149 et
796 1088 974 1150 dissentiens
989 1088 1089 1152 dicere
1110 1088 1157 1151 vel
1181 1088 1258 1150 alle·

116 1191 190 1254 gare
213 1173 388 1251 curaverit3
411 1186 440 1237 et
461 1195 535 1238 casu
554 1195 617 1258 quo
631 1174 815 1237 Vicecustos
830 1183 886 1235 aut
903 1173 1052 1236 Decanus
1062 1171 1259 1256 juristarum,

115 1278 171 1339 pro
195 1267 334 1341 tempore
359 1260 501 1334 existens,
526 1271 582 1323 aut
597 1282 703 1322 eorum
718 1273 860 1343 uterque,
883 1261 922 1320 de
937 1281 1066 1322 numero
1081 1259 1127 1323 sic
1142 1261 1261 1322 dissen-

67 1401 68 1404 ,
115 1351 208 1404 trente
224 1343 346 1415 existat,
363 1356 392 1407 et
409 1367 535 1408 causam
558 1368 610 1428 per
634 1345 772 1429 aliquem
788 1357 861 1408 tunc
884 1344 1116 1407 dissentientem
1140 1345 1260 1430 allega-

116 1440 180 1488 tam
203 1451 258 1511 per
282 1430 449 1493 Custodem
474 1440 505 1492 et
528 1432 607 1494 duos
632 1432 766 1494 seniores
791 1429 920 1513 juristas
948 1430 995 1493 sic
1021 1432 1260 1494 consentientem

116 1513 279 1595 reprobari
295 1516 467 1600 contigerit,
483 1526 537 1595 aut
560 1517 585 1577 si
605 1516 727 1579 nnllam
749 1537 876 1579 causam
898 1516 1054 1578 dissensus
1076 1517 1124 1578 sui
1150 1515 1260 1598 hujus-

116 1597 204 1660 modi
226 1621 341 1686 negans
363 1602 499 1687 allegare
521 1601 665 1679 voluerit3
688 1613 760 1664 tunc
782 1600 1007 1665 obluctatorem
1032 1601 1122 1663 illum
1145 1603 1260 1667 nihilo-

116 1685 220 1746 minus
247 1686 277 1749 in
300 1688 453 1749 sententia
479 1706 537 1755 sna
562 1688 777 1772 persistentem
808 1688 852 1766 (si
877 1689 921 1749 ita
945 1686 1072 1749 omnino
1095 1691 1259 1771 persistere

116 1769 301 1856 decreverit)
329 1770 441 1835 Custos
464 1775 602 1838 monebit
624 1773 709 1857 qnod
735 1772 931 1858 personaliter
950 1786 1130 1856 compareat
1152 1795 1259 1836 coram

117 1857 214 1935 nobis,
237 1872 289 1920 aut
302 1881 489 1942 quocunque
504 1859 567 1922 alio
583 1860 760 1922 Cantuariae
778 1858 1023 1944 Archiepiscopo
1045 1881 1102 1941 pro
1124 1870 1262 1942 ternpore

117 1941 276 2016 existente,
292 1943 372 2007 intra
388 1944 497 2008 decem
509 1947 573 2009 dies
584 1945 674 2008 illam
685 1946 884 2007 monitionem
896 1944 1076 2007 immediate
1088 1956 1261 2028 sequentes,

116 2027 177 2090 sub
193 2051 285 2110 poena
299 2030 481 2093 exclusionis
501 2053 521 2093 a
535 2032 619 2095 dicto
644 2031 792 2116 Collegio
816 2033 847 2094 in
870 2041 1065 2114 perpetuum,
1090 2031 1157 2113 ipso
1181 2032 1263 2093 facto

116 2113 319 2187 incurrendae,
346 2138 474 2179 causam
504 2116 719 2180 rationabilem
744 2117 931 2195 redditurus,
954 2116 979 2178 si
1007 2138 1104 2199 quam
1136 2117 1262 2188 habeat,

117 2219 213 2279 quare
228 2198 276 2262 sic
291 2201 432 2285 negando
447 2212 633 2285 perseverat.
673 2203 716 2264 Et
729 2203 755 2263 si
767 2215 842 2264 tnnc
857 2224 913 2285 per
927 2223 983 2264 nos
997 2201 1046 2264 vel
1058 2223 1263 2264 successorem

117 2296 258 2346 nostrum
271 2307 409 2347 >causam
433 2286 523 2349 illam
547 2287 715 2371 approbari
737 2287 911 2372 contigerit,
927 2297 998 2348 tnnc
1013 2297 1140 2370 negator
1154 2287 1206 2349 ille
1221 2288 1263 2350 ad

118 2368 298 2455 Collegium
315 2383 453 2450 revertat,
468 2393 616 2455 expensas
635 2371 747 2434 itineris
771 2374 818 2434 sui
841 2373 879 2433 de
903 2370 992 2433 bonis
1015 2371 1096 2434 dicti
1120 2370 1263 2456 Collegii,

117 2455 268 2518 arbitratu
305 2457 525 2536 Bursariorurp
563 2468 640 2520 tunc
668 2458 783 2520 ibidem
813 2479 869 2541 pro
896 2468 1035 2541 tempore
1062 2457 1262 2520 existentium

118 2541 275 2613 taxandae,
306 2555 493 2626 recepturus.
550 2542 678 2621 Contra,
707 2545 734 2606 si
763 2542 896 2606 evenerit
924 2564 1053 2605 causam
1081 2540 1264 2624 hujusmodi

118 2627 292 2710 negationis
306 2650 363 2711 per
384 2650 439 2691 nos
463 2638 518 2691 aut
541 2630 680 2713 aliquem
703 2650 917 2692 successorum
941 2639 1081 2691 nostrum
1106 2630 1264 2713 reprobari

119 2709 276 2796 rejicique,
303 2735 341 2775 ac
356 2713 495 2778 frivolam
509 2715 671 2788 declarari,
695 2726 771 2777 tunc
796 2725 933 2799 negator,
954 2713 1016 2793 ille,
1042 2716 1106 2776 imo
1131 2727 1264 2800 nugator

117 2799 228 2882 potius,
260 2813 470 2883 praeterquam
500 2801 582 2884 quod
612 2822 762 2885 expensas
792 2801 909 2864 itineris
935 2798 975 2862 de
1001 2822 1057 2863 sno
1082 2801 1262 2873 sustinebit,

82 2910 86 2914 ·
117 2884 214 2946 etiam
230 2884 374 2948 debonis
390 2885 524 2972 Collegii
539 2909 737 2970 nequaquam
752 2908 805 2949 eas
821 2897 1011 2970 recepturus,
1035 2887 1106 2948 insu
1129 2909 1162 2948 er
1178 2908 1265 2948 com-

118 2970 264 3034 munibus
294 2972 358 3034 suis
387 2974 419 3034 in
444 2973 530 3036 dicto
558 2972 706 3057 Collegio
735 2971 859 3036 omnino
888 2971 1070 3056 privabitur,
1101 2909 1202 3034 (lonso
1232 2986 1263 3034 et

118 3077 282 3140 quousque
305 3079 486 3121 consensum
515 3071 546 3121 et
572 3080 730 3121 assensum
756 3080 859 3130 suum,
884 3079 1045 3121 unacum
1070 3058 1208 3122 Custode
1233 3071 1265 3120 et

119 3139 247 3224 reliquis
260 3144 346 3226 prins
369 3145 636 3223 consentientibus,
660 3143 788 3206 indicti
810 3144 922 3227 negotii
946 3143 1152 3206 incumbentis
1175 3165 1265 3226 expe·

118 3227 271 3290 ditionem
302 3227 499 3309 conjunxerit
528 3240 557 3292 et
586 3231 775 3293 concesserit.
821 3229 1035 3311 Eandemque
1070 3250 1126 3312 per
1155 3231 1261 3291 omnia

118 3310 250 3374 modum
265 3325 355 3398 atque
370 3315 510 3376 ordinem
525 3313 669 3376 volumus
683 3314 846 3391 observari,
870 3316 896 3376 si
912 3314 974 3375 duo
990 3314 1036 3376 rel
1052 3324 1113 3377 tres
1133 3336 1173 3376 ex
1194 3327 1263 3376 octo

118 3396 184 3459 illis
194 3394 314 3477 juristis
329 3398 500 3460 senioribus
515 3421 534 3460 a
548 3397 685 3461 Custode
700 3411 731 3461 et
754 3395 870 3478 majore
893 3409 984 3482 parte
1009 3398 1175 3461 Sociorum
1200 3397 1264 3460 dis-

118 3481 265 3560 sentiant,
281 3483 324 3544 ad
338 3506 392 3546 eos
407 3483 640 3568 compellendos
654 3496 690 3545 ut
711 3483 912 3547 dissensionis
933 3505 996 3545 snae
1018 3485 1171 3546 rationem
1194 3483 1264 3545 red·

119 3567 207 3646 dant,
222 3568 467 3650 coarctandoque
491 3571 532 3652 (si
542 3567 628 3650 justa
642 3580 673 3632 et
687 3568 863 3653 probabilis
879 3569 1077 3632 dissentiendi
1093 3591 1187 3632 causa
1200 3591 1263 3631 non

118 3653 287 3739 appareat)
309 3666 342 3716 ut
370 3675 456 3718 voces
480 3666 512 3719 et
536 3676 702 3722 consensus
725 3677 796 3718 suos
821 3654 954 3717 Custodi
983 3667 1014 3716 et
1041 3652 1154 3736 majori
1183 3656 1265 3737 parti
1300 3686 1302 3690 ·

119 3738 281 3803 Sociorum
297 3752 471 3825 aggregent.
518 3739 581 3817 Ita,
596 3754 712 3818 tamen,
729 3741 814 3824 quod
828 3739 917 3803 nullo
935 3753 1027 3823 pacto
1042 3741 1090 3802 sic
1104 3752 1265 3804 coarctan-

119 3826 231 3889 dorum
246 3848 394 3889 numerus
409 3825 582 3889 temarium
597 3827 732 3892 excedat.

163 3912 215 3977 25.
239 3912 331 3992 Item,
346 3934 381 3976 eo
396 3913 480 3996 quod
494 3934 708 3996 saepenumero
726 3910 891 3975 locationes
912 3910 1071 3974 firmarum
1095 3909 1170 3974 dicti
1193 3910 1266 3977 Col-

89 4021 91 4026 ¹
119 3995 203 4082 legii,
219 3997 298 4061 dum
313 4020 376 4061 non
390 3999 576 4062 concordant
592 3999 633 4060 ad
655 4021 708 4060 eas
730 3997 888 4060 faciendas
911 3996 998 4059 Socii
1021 4018 1155 4081 quorum
1179 4019 1266 4062 voces

72 4089 74 4094 ’
120 4083 161 4144 ad
189 4083 222 4146 id
250 4083 424 4152 necessario
454 4085 664 4169 requiruntur,
694 4083 841 4168 impediri
870 4083 1043 4167 contingit;
1071 4082 1200 4154 idcirco,
1225 4107 1265 4146 ne

120 4167 240 4250 aliquid
265 4170 416 4233 dammm
439 4170 487 4232 vel
513 4170 739 4233 detrimentum
764 4169 836 4232 inde
859 4170 1017 4250 contingat
1036 4167 1195 4254 Collegio‚
1218 4172 1265 4231 in·

117 4255 279 4338 jungimus
302 4267 333 4318 et
350 4255 483 4319 firmiter
504 4256 714 4339 praecipiendo
737 4256 923 4318 mandamus
938 4255 1032 4340 quod,
1048 4256 1170 4339 quoties
1186 4255 1265 4317 loca·

119 4338 219 4401 tiones
236 4339 368 4423 alicujus
384 4341 483 4406 firmae
499 4342 538 4405 ad
554 4341 635 4404 illud
651 4340 831 4427 Collegium
852 4340 1035 4426 pertinentis
1057 4341 1101 4403 sic
1123 4362 1181 4424 per
1201 4341 1266 4403 dis-

118 4445 245 4488 sensum
260 4447 377 4508 eorum,
394 4451 527 4513 quorum
543 4449 632 4493 voces
649 4427 732 4490 inea
749 4428 948 4494 concedenda
969 4427 1144 4492 necessario
1166 4426 1268 4512 requi·

656 4513 719 4598 (7.)
747 4597 755 4612 .
1071 4511 1135 4576 aa

1276 4482 1351 4612 1
