3014 4898
367 262 504 333 Statores
517 270 557 353 of
565 263 623 331 All
636 265 728 331 Souis
747 265 872 349 Oollepr,
890 263 1022 348 Orrford.
1228 265 1269 335 17

114 436 240 499 nomina
255 451 284 500 et
305 438 501 524 cognomina,
526 460 600 501 cum
623 437 774 521 qualitate
788 448 819 500 et
834 437 1009 520 quantitate
1025 436 1214 501 delictorum
1237 451 1269 501 et

113 543 300 586 excessuum
316 523 505 606 hujusmodi,
518 548 556 588 ex
572 540 646 587 tunc
661 547 758 608 qnam
785 525 880 586 citius
895 535 1004 606 potero
1019 524 1100 586 infra
1116 547 1267 603 mensem,

113 607 242 672 domino
262 611 514 694 Archiepiscopo
528 610 762 687 Cantuariensi,
780 611 837 693 qui
855 631 910 692 pro
926 620 1064 692 tempore
1081 611 1183 688 hierii,
1199 633 1264 686 seu,

115 694 185 776 ipso
202 697 236 758 in
251 699 379 759 remotis
396 712 518 780 agente,
534 697 602 781 ejus
620 693 747 761 Vicario
761 698 795 759 in
812 696 1031 778 spiritualibus
1051 697 1198 779 generali,
1213 709 1267 758 aut

113 780 186 862 ipso
200 782 361 844 deficiente
376 783 508 846 officiali
523 785 619 846 curiae
635 783 884 858 Cantuariensis,
902 782 975 843 sede
1000 782 1098 864 plena,
1120 783 1177 859 vel,
1195 783 1267 844 sede

116 866 339 931 Cantuariensi
368 887 512 944 vacante,
547 871 650 932 Priori
690 869 832 933 ecclesiae
862 867 987 930 Christi
1014 868 1264 942 Cantuariensis,

112 953 307 1016 denuntiabo
324 967 352 1017 et
368 955 531 1031 revelab03
555 968 585 1018 et
601 978 654 1039 per·
668 979 721 1018 eos
746 954 920 1038 hujusmodi
942 954 1155 1029 correctiones,
1171 955 1265 1038 puni·

114 1039 216 1100 tiones
230 1052 260 1101 et
275 1043 515 1117 reformationes,
528 1041 618 1124 juxta
633 1053 746 1104 statuta
770 1057 800 1102 et
824 1040 1034 1102 ordinationes
1049 1040 1215 1123 praedicta,
1230 1042 1264 1103 in

115 1126 270 1196 omnibus,
287 1129 413 1191 solerter
432 1141 462 1191 et
478 1128 631 1203 celeriter,
647 1147 801 1211 qnatenus
825 1128 858 1190 in
882 1150 933 1188 me
949 1127 1046 1199 luerit,
1061 1126 1128 1188 fieri
1153 1149 1264 1210 procu-

114 1212 201 1274 rabo.
246 1213 334 1289 Item,
359 1215 440 1297 quod
469 1215 687 1293 gubernationi
711 1225 742 1276 et
765 1213 910 1299 regimini
935 1212 1073 1274 omnium
1103 1225 1262 1285 terrarum,
1278 1214 1435 1276 Diligentius

33 1368 34 1371 Ἴ
115 1299 359 1378 possessionum,
383 1292 564 1364 reddituum
590 1300 806 1384 spiritualium
833 1311 863 1360 et
882 1298 1120 1384 temporalium,
1144 1321 1262 1362 necnon
1276 1283 1435 1392 qaqppignrd

114 1383 381 1448 administrationi
403 1388 549 1450 bonorum
565 1399 712 1449 etrerum
737 1386 902 1469 adipsum
920 1361 1363 1473 Collegiumqualiter-„2355
1387 1359 1435 1410 pro

115 1492 236 1552 cunque
261 1473 488 1554 pertinentium,
506 1496 576 1536 cum
603 1473 689 1536 omni
708 1471 879 1556 diligentia
905 1482 935 1532 et
958 1471 1155 1553 providentia
1180 1471 1264 1534 mihi

112 1579 134 1616 a
159 1556 230 1618 Deo
253 1578 399 1619 concessa
421 1558 558 1620 fideliter·
584 1559 757 1637 intendam,
782 1580 820 1618 ac
847 1558 924 1618 alios
948 1555 1087 1638 ejusdem
1111 1556 1262 1642 collegii,

115 1641 281 1704 officiarios
295 1654 324 1704 et
339 1645 511 1720 ministros,
534 1645 667 1706 diversis
690 1644 803 1706 officiis
823 1657 854 1705 et
876 1643 1064 1705 ministeriis
1087 1643 1264 1726 deputatos,

115 1728 277 1790 intendere
308 1730 435 1804 faciam,
461 1729 556 1812 juxta
580 1752 676 1814 posse.
723 1730 814 1804 Item,
839 1730 921 1813 quod
947 1729 1056 1791 omnia
1081 1739 1111 1790 et
1139 1730 1263 1814 singula
1277 1745 1434 1794 administrat

113 1813 198 1876 bona
211 1824 240 1876 et
256 1817 458 1879 catalladicti
468 1815 616 1901 Collegii,
627 1817 659 1878 in
672 1818 874 1879 commodum
884 1828 912 1877 et
930 1815 1098 1877 utilitatem
1108 1814 1261 1900 Collegii,
1275 1811 1302 1858 ⁰f
1311 1810 1393 1873 ⁸⁰⁰⁶&

115 1900 308 1963 scholarium
324 1912 356 1964 et
379 1904 544 1967 Sociorum
561 1902 792 1987 praedictorum,
815 1913 909 1984 prout
932 1901 1099 1962 necessitas
1122 1903 1264 1987 exegerit

114 1997 144 2048 et
160 1998 276 2048 statuta
288 1989 538 2051 etordinationes
554 1989 697 2073 praedicti
706 1988 846 2072 Collegii
858 1987 891 2049 in
905 1987 963 2050 hac
975 1998 1061 2069 parte
1072 1987 1263 2062 dictaverint,

114 2073 357 2146 administrabo,
387 2088 417 2136 et
447 2077 560 2137 faciam
590 2075 712 2138 utiliter·
740 2084 771 2137 et
800 2074 935 2137 fideliter
964 2073 1145 2156 dispensari
1173 2085 1202 2135 et
1228 2073 1262 2135 in

114 2160 259 2221 omnibus
281 2160 518 2237 administrari3
542 2174 572 2223 et
598 2184 636 2223 ea
659 2182 728 2243 quae
752 2160 880 2221 residua
895 2160 1011 2221 suerint.
1034 2172 1064 2221 et
1083 2171 1263 2220 excrescent

116 2246 314 2320 conservabo,
331 2247 378 2306 vel
404 2247 515 2310 t'aciam
540 2248 581 2308 ad
606 2247 834 2308 incrementum
860 2245 939 2307 dicti
958 2245 1098 2329 Collegii
1122 2258 1153 2306 et
1177 2255 1278 2306 com·'

117 2330 246 2392 modum
260 2331 395 2394 fideliter
409 2333 595 2394 conservari.
641 2331 732 2406 Item,
747 2331 831 2413 quod
856 2353 980 2406 causas,
998 2331 1068 2392 lites
1092 2343 1122 2392 et
1141 2329 1262 2412 placita
1275 2351 1420 2402 Detenceot

115 2439 319 2499 quaecunque,
334 2418 436 2499 ipsius
459 2417 597 2503 Collegii
611 2415 793 2491 delendam
816 2437 935 2479 necnon
959 2417 1064 2478 omnia
1087 2430 1117 2476 et
1140 2415 1343 2501 singularum·

114 2503 253 2586 negotia,
288 2503 394 2586 ipsum
427 2502 610 2585 Collegium
644 2501 898 2586 qualitercunque
931 2501 1158 2579 concernentia,
1190 2523 1263 2584 pro-

114 2611 223 2670 sequar
236 2589 413 2674 diligenter,
440 2590 726 2672 possessionesque,
748 2586 919 2663 libertates,
944 2587 1114 2674 privilegia
1137 2598 1168 2649 et
1188 2585 1263 2670 jura

113 2694 316 2758 quaecunque,
332 2675 431 2759 ipsius
447 2675 589 2761 Collegii
604 2675 813 2737 manutenebo
828 2695 883 2758 pro
896 2673 1016 2736 viribus
1038 2688 1069 2736 et
1086 2674 1261 2739 delendam.

116 2760 191 2823 Hoc
206 2772 308 2824 tamen
323 2763 421 2839 salvo,
437 2762 519 2846 quod
536 2783 658 2839 causas,
674 2760 794 2844 placita
811 2759 855 2822 vel
873 2759 944 2822 lites
958 2781 1082 2845 graves,
1098 2761 1132 2822 in
1148 2762 1262 2845 quibus
1277 2780 1361 2826 Auens
1372 2778 1399 2827 ot
1409 2779 1435 2826 Fi

113 2848 194 2909 verti
208 2849 324 2930 poterit
340 2848 444 2932 ipsius
459 2848 598 2933 collegii
621 2845 830 2911 exhaeredatio
840 2845 891 2908 vel
915 2868 1009 2930 grave
1031 2844 1263 2931 praejudicium,
1275 2842 1333 2918 {⁰⁸⁷⁸
1344 2852 1367 2891 ‘⁰
1381 2842 1435 2891 '⁰5¹¹

114 2933 233 3018 absque
255 2947 378 2997 maturo
400 2947 432 2998 et
452 2934 622 2997 deliberato
647 2932 780 2996 consilio
806 2943 836 2994 et
851 2955 982 2994 assensu
1010 2931 1140 3014 majoris
1164 2914 1430 3016 parris¹¹¹¹P⁰‘²⁸¹¹⁰‘·

115 3019 294 3082 artistarum
318 3033 349 3082 et
371 3022 470 3084 etiam
489 3019 676 3103 juristarnm
699 3019 871 3096 seniorum,
893 3018 1058 3082 Sociorum
1083 3019 1163 3081 dicti
1186 3018 1261 3082 Col·

115 3105 204 3190 legii,
219 3116 293 3168 tunc
307 3106 425 3169 ibidem
441 3107 653 3190 praesentium,
669 3107 757 3192 cujus
771 3105 897 3168 omnino
906 3116 977 3168 octo
986 3104 1111 3188 juristae
1127 3105 1263 3167 seniores

115 3191 264 3268 existant,
291 3214 350 3254 non
382 3193 541 3276 incipiam
571 3214 629 3255 nec
643 3192 785 3269 movebo,
814 3203 868 3254 aut
889 3190 1033 3253 inchoari
1062 3189 1114 3252 vel
1143 3191 1262 3253 moveri

115 3277 231 3340 faciam
247 3278 465 3361 quovismodo.
510 3277 606 3355 Item,
621 3277 715 3360 quod,
731 3277 814 3348 ultra
836 3277 998 3362 sexaginta
1012 3275 1081 3337 dies
1104 3276 1263 3340 continuos
1278 3294 1384 3341 Absenoe
1394 3292 1435 3342 tro

115 3363 162 3424 vel
173 3363 298 3425 vicibus
313 3363 510 3446 interpolatis
525 3362 743 3425 discontinuos
763 3362 799 3424 iu
813 3383 895 3424 anuo
911 3362 1028 3444 aliquo,
1046 3382 1063 3422 a
1079 3361 1166 3423 dicto
1185 3361 1261 3425 Col·
1274 3358 1386 3419 college

116 3448 200 3530 legio
217 3471 278 3511 non
293 3471 342 3509 me
358 3450 537 3524 absentabo,
554 3449 614 3510 nisi
628 3468 685 3533 pro
710 3448 847 3532 negotiis
872 3447 976 3530 ipsius
996 3445 1142 3532 collegii,
1157 3449 1207 3509 vel
1223 3470 1260 3508 ex

116 3555 233 3618 magna
248 3546 278 3595 et
293 3535 389 3596 ardua
412 3556 518 3612 eausa,
534 3556 590 3618 per·
609 3531 761 3615 majorem
784 3543 906 3616 partem
929 3532 1071 3595 omnium
1096 3532 1261 3595 Sociorum

116 3619 199 3681 dicti
228 3617 364 3704 Collegii
394 3621 596 3703 praesentium
625 3617 837 3704 approbanda.
882 3618 978 3694 Item,
1002 3617 1125 3701 quoties
1155 3619 1262 3702 aliqua
1275 3629 1435 3679 Eleottonnor

116 3705 226 3767 electio
256 3705 401 3787 aliquave
430 3706 603 3791 assumptio
617 3706 657 3767 de
679 3703 875 3768 scholaribus
898 3705 931 3767 in
946 3705 1069 3767 dictum
1082 3703 1261 3789 Collegium
1275 3694 1386 3743 saloim.

116 3793 180 3854 sint
210 3792 362 3870 facienda,
392 3805 428 3856 ut
456 3793 560 3854 solum
590 3790 670 3853 tales
695 3802 894 3853 assumantur
923 3801 955 3853 et
984 3788 1141 3875 eligantur
1172 3799 1261 3873 quoa,

117 3878 290 3941 secundum
302 3879 498 3941 conditiones
513 3890 544 3940 et
563 3877 728 3962 qualitates
753 3877 788 3938 in
813 3875 1065 3939 ordinationibus
1088 3888 1120 3938 et
1135 3877 1262 3939 statutis

116 3965 194 4028 dicti
209 3964 351 4050 Collegii
364 3976 563 4048 expressatis,
579 3962 701 4027 habiles
716 3972 745 4024 et
759 3963 885 4025 idoneos
896 3961 1117 4048 reputaverim,
1133 3973 1261 4047 etqnos,

116 4050 150 4112 in
172 4051 312 4114 scientiis
336 4073 391 4113 seu
405 4050 605 4114 facultatibus
621 4050 737 4132 quibus
759 4048 912 4125 insistent,
927 4049 966 4109 ad
990 4049 1148 4122 honorem,
1177 4071 1262 4111 corn·

118 4137 247 4199 modum
262 4150 292 4200 et
306 4138 490 4215 utilitatem,
506 4137 648 4222 ipsorum
666 4146 697 4197 et
720 4135 821 4219 ipsius
846 4134 987 4220 Collegii
1002 4135 1072 4218 plus
1086 4156 1176 4216 posse
1191 4156 1262 4217 pro·

117 4221 209 4284 ficere
225 4233 255 4284 et
269 4222 381 4287 debere
396 4224 527 4287 firmiter
551 4221 752 4298 crediderim,
767 4221 831 4284 sine
854 4242 1055 4304 personarum
1077 4221 1128 4282 vel
1151 4221 1263 4304 patrias
1321 4224 1324 4230 '
1376 4230 1382 4242 ‘

119 4307 307 4389 acceptione,
329 4333 446 4387 amore,
460 4310 543 4386 odio,
560 4308 676 4372 invidia
701 4320 732 4369 et
751 4306 861 4384 favore,
878 4307 1001 4383 timore,
1015 4328 1108 4391 prece
1121 4326 1151 4369 er
1166 4308 1263 4389 pretio

118 4394 303 4475 postpositis
323 4397 573 4481 quibuscunque,
588 4405 743 4480 quantum
757 4395 799 4456 ad
813 4417 864 4456 me
887 4393 1030 4478 pertinet,
1052 4403 1154 4478 partes
1177 4415 1263 4459 meas

63 4553 66 4559 .
117 4478 314 4564 interponam
331 4482 474 4560 fideliter,
489 4493 520 4545 et
533 4483 566 4547 id
580 4481 649 4546 fieri
665 4479 798 4544 fideliter
812 4480 996 4564 procurabo.
1034 4479 1124 4554 item,
1139 4479 1175 4542 in
1187 4501 1265 4543 casu

612 4665 614 4669 Α
657 4565 714 4650 (r.)
1114 4585 1135 4626 s
