3014 4898
234 283 296 347 tto
580 280 639 344 ΑΒ
651 278 746 347 &ab
763 277 890 363 Callope,
909 275 1039 362 osferd.

295 504 511 570 Ordinationes
529 498 681 567 Gulielmi
695 496 927 651 Arcltieps'scpi
944 496 1126 565 Cunctoriae
1126 498 1233 579 ,dotto
1241 498 1348 585 primo

690 582 821 666 Mortis,
839 584 877 651 17
900 586 931 650 9.

204 744 208 751 ·
279 713 329 779 Ut
353 732 430 776 rem
451 708 557 774 omnis
585 708 733 792 deinceps
754 706 974 773 cerurcversie
1001 726 1096 773 caum
1124 706 1164 769 ds
1191 724 1390 771 cementum

234 799 446 884 dispositione
467 796 609 877 tolletur,
633 793 803 857 statuimus
824 803 856 857 ct
878 792 1078 858 declaramus
1101 793 1197 878 qnod,
1220 791 1317 877 juata
1341 794 1391 857 in-

230 884 420 968 junctionem
461 880 699 982 praedecessoris
740 880 834 944 neeri
869 878 990 943 domini
1033 877 1191 944 lobannis
1224 875 1392 983 whitgtn

191 1002 195 1009 ·
235 971 476 1055 Arettiepiscopr
501 965 694 1037 centurie,
716 986 851 1029 minere
872 984 991 1040 omues,
1013 986 1087 1051 qum
1111 984 1224 1030 vacare
1250 981 1391 1053 contige-

235 1058 306 1128 rint,
320 1055 425 1120 Sociis
437 1060 470 1119 st
492 1051 692 1116 scholaribus
706 1052 862 1136 imprimis
882 1073 939 1138 per
952 1050 1125 1116 Custodem
1139 1051 1391 1140 amigmbunmr,

233 1141 350 1206 deirsde
370 1138 548 1224 capellania,
561 1136 691 1217 clericis,
705 1137 853 1202 choristis
864 1150 897 1201 et
910 1137 1119 1202 servientibus
1137 1136 1286 1225 Collegii,
1297 1135 1393 1221 juxta

234 1227 448 1293 discretionem
473 1224 616 1310 ejusdem
637 1223 799 1303 tumus
822 1223 1055 1288 allocabuntnr.
1101 1224 1143 1288 [lt
1168 1224 1333 1310 qnoniam,
1356 1225 1392 1288 in

235 1311 410 1377 visitatione
428 1318 543 1389 nostra,
562 1309 649 1373 nobis
670 1308 868 1373 insinuatum
889 1320 947 1388 est,
970 1311 1056 1395 quod
1079 1330 1180 1394 nuper
1195 1310 1392 1391 Vicecustos,

237 1397 380 1462 Custode
404 1396 541 1476 absente,
565 1417 639 1458 cum
666 1415 817 1458 comeusu
847 1393 973 1478 mnjmh
996 1396 1095 1481 pertis
1124 1396 1289 1460 Sociorum
1318 1406 1393 1461 tuuc

235 1482 447 1569 praesentium,
460 1482 494 1544 in
503 1478 559 1564 jus
570 1480 718 1545 minoda
733 1480 779 1544 sic
793 1481 929 1545 absemis
943 1503 1010 1546 sese
1031 1482 1234 1546 intromittere
1255 1492 1390 1547 attenta·

238 1569 328 1642 amit,
348 1577 380 1631 et
401 1588 543 1631 cameras
563 1588 621 1652 pro
639 1567 729 1631 libitu
744 1587 804 1630 suc
819 1567 982 1646 ordinum
1004 1579 1037 1632 et
1051 1568 1092 1632 ad
1107 1568 1188 1633 hanc
1201 1588 1291 1632 suam
1307 1568 1393 1633 imo·-

236 1655 393 1719 rationem
414 1653 527 1717 melito
548 1653 712 1733 tuendam,
727 1653 831 1717 oemio
853 1672 952 1739 quam
973 1667 1153 1754 praetensam
1167 1655 1393 1719 ordinationem

236 1741 277 1804 dc
299 1761 496 1804 camerarum
518 1737 776 1824 dispositionibus
798 1740 1022 1818 fabricatarum
1045 1760 1100 1804 nos
1123 1740 1230 1805 omnis
1253 1741 1393 1805 edenti·

260 1848 336 1891 uam
359 1835 456 1910 atque
477 1826 685 1911 approbatam
706 1825 976 1906 consuetudinem,
1001 1836 1121 1890 statuto
1148 1827 1344 1892 Fundatoris·
1361 1838 1394 1890 et

236 1848 553 1996 lmhiepisooporum
575 1908 822 1993 injunctionibus
848 1911 1033 1992 roboratam,
1069 1930 1213 1978 revocare
1247 1910 1393 1994 volentoe,

237 2008 328 2061 mmm
359 1995 612 2080 qualemcunque
645 1994 870 2062 Vicecnstodis
905 2009 935 2060 et
967 1997 1133 2063 Sociorum
1161 1997 1393 2064 ordinationem

237 2103 411 2162 canamus,
425 2081 637 2161 annullamus,
652 2092 685 2145 et
700 2081 890 2146 cassandam
904 2084 1029 2168 penitus
1043 2096 1076 2148 et
1092 2084 1319 2148 mnullandam
1330 2087 1394 2150 iore

237 2180 267 2231 et
293 2191 360 2232 esse
381 2168 584 2248 deceruimus,
596 2178 628 2230 et
645 2190 664 2231 e
685 2166 825 2254 collegii
840 2168 973 2254 registro
986 2170 1111 2255 penitus
1125 2170 1314 2248 radendam
1337 2194 1393 2235 ex·

237 2276 340 2355 presse
363 2254 573 2354 prohibentes,
593 2275 636 2317 us
660 2253 741 2339 quis,
759 2265 876 2403 prater
891 2253 1075 2337 Custodem,
1091 2278 1229 2322 cameras
1243 2257 1336 2322 deinc

238 2341 338 2404 cnivis
353 2362 515 2427 assignare
530 2353 704 2424 praesumat
777 2362 830 2424 pse
852 2362 928 2405 vero
941 2342 1066 2417 Custos,
1078 2342 1172 2426 juxta
1185 2353 1303 2407 statuta
1316 2342 1365 2407 Co
1377 2380 1394 2396 ·

235 2427 323 2514 legii,
345 2440 374 2492 ct
400 2425 608 2510 injunctiones
632 2425 756 2490 domini
778 2426 936 2490 lobannis
961 2427 1114 2514 Whitgist
1136 2428 1288 2517 praedicti,
1300 2439 1393 2514 prout

237 2513 361 2577 occasio
375 2513 490 2593 tulerit,
500 2512 542 2576 ad
555 2512 730 2578 maximum
746 2512 910 2577 Sociorum
924 2523 956 2578 et
971 2515 1165 2580 scholarium
1180 2516 1395 2596 commodum,

236 2599 267 2663 iu
280 2599 324 2663 iis
336 2599 540 2675 conferendis,
555 2620 614 2682 pro
627 2620 685 2662 sua
700 2598 868 2683 prudentie
887 2600 1045 2684 procedat.

251 2902 625 2989 Inconstantem
645 2904 801 2992 Wteqttt,
811 2906 892 2972 dato
905 2910 1061 2976 undem
1076 2904 1264 2990 Nouembris,
1280 2890 1389 2978 '1602'

283 3024 299 3106 ᾖ
328 3024 381 3089 23.
411 3025 493 3088 Item
522 3035 558 3088 ut
587 3027 692 3090 omnis
721 3030 930 3094 contendendi
954 3031 1133 3096 occasiost
1161 3032 1394 3098 contentionum

239 3109 385 3191 materia,
401 3132 461 3195 pro
475 3110 606 3175 cameris
626 3112 831 3198 disponendis
848 3114 881 3178 in
901 3116 988 3180 dicto
1004 3115 1152 3205 Collegio
1166 3118 1308 3199 tollatur,
1330 3127 1397 3184 sta·

241 3196 364 3260 enimus
383 3208 415 3260 et
437 3197 619 3261 ordimrnus
635 3199 721 3300 quod
741 3220 873 3264 cameras
889 3199 924 3265 in
946 3216 1106 3288 posterum
1122 3228 1228 3270 vacum
1244 3205 1396 3290 (quibus-

241 3304 367 3369 cunque
381 3283 631 3368 injunctionibus
640 3307 674 3348 ιη
684 3287 871 3350 contrarium
886 3288 982 3353 editis
996 3311 1057 3353 non
1072 3291 1284 3374 obstantibus)
1298 3312 1397 3376 prox·

242 3369 308 3432 imo
318 3370 436 3433 seniori
447 3391 604 3434 cameram
613 3393 634 3434 a
645 3372 784 3436 Custode
792 3374 910 3458 petenti
923 3376 1130 3442 conterantur.
1175 3376 1230 3440 Ad
1241 3380 1395 3463 majorem

241 3470 348 3520 tamen
366 3456 546 3521 amicitiam
570 3467 602 3520 et
622 3457 787 3522 caritatem
807 3459 889 3523 inter
909 3461 1034 3527 eosdem
1055 3462 1166 3527 Socios
1187 3473 1218 3526 et
1237 3463 1396 3529 scholares

241 3542 439 3608 nutriendam
450 3556 482 3607 at
493 3544 744 3623 conservandam,
756 3544 943 3610 mandamus
953 3549 1040 3632 qnod
1051 3572 1131 3614 nnus
1139 3549 1267 3633 juristae,
1279 3571 1396 3635 qnam·

241 3628 300 3692 din
324 3649 473 3692 numerus
492 3627 681 3711 juristarum
703 3631 847 3703 sufficiat,
874 3642 904 3695 et
932 3654 1015 3698 unus
1038 3636 1087 3699 vel
1116 3636 1180 3700 dno
1206 3636 1334 3712 antistas,
1361 3636 1396 3700 in

241 3713 377 3799 singulis
391 3715 562 3778 earundem
578 3736 776 3780 camerarum
794 3718 836 3781 ad
856 3716 991 3782 invicem
1007 3720 1204 3786 collocentur.
1246 3722 1395 3796 Quorum

241 3799 387 3864 omnium
416 3800 580 3865 Sociorum
603 3813 634 3864 et
656 3802 846 3867 scholarium
868 3804 1004 3888 quilibet
1026 3807 1143 3873 lectum
1164 3830 1258 3872 suum
1280 3808 1397 3873 habeat

241 3885 421 3970 separatim,
434 3896 465 3950 et
478 3886 563 3952 solus
578 3886 647 3951 sine
660 3887 748 3953 socio
761 3887 867 3972 jaceat
879 3891 1071 3960 omnimodo.

591 4079 968 4104 Qu...-

246 4258 249 4265 -
288 4210 343 4277 He
424 4212 607 4304 Chycheley
625 4240 687 4282 was
710 4218 788 4284 born
812 4221 844 4283 in
869 4219 1190 4307 Northamptonshire
1216 4221 1248 4285 in
1272 4244 1294 4285 a
1313 4236 1397 4288 town

244 4297 347 4365 called
410 4298 531 4386 ygham
558 4302 676 4377 Ferres,
698 4326 762 4369 was
785 4305 900 4371 Fellow
923 4307 954 4369 in
978 4307 1056 4371 Ncw
1070 4306 1200 4394 Collega
1213 4307 1246 4370 in
1264 4308 1397 4384 Oxford,

244 4383 346 4462 called
367 4385 401 4449 in
421 4385 501 4451 their
517 4388 695 4457 foundation
714 4389 886 4478 Collcqium
906 4395 999 4458 meto
1022 4394 1142 4458 Murice
1169 4394 1342 4480 Wyutouioe
1363 4398 1397 4462 in

248 4470 379 4551 Occasio,
393 4470 430 4535 ci
443 4468 566 4561 Biahop
580 4474 747 4562 Wyltam’s
770 4479 971 4543 foundation:
995 4481 1056 4544 and
1071 4480 1158 4543 there
1172 4501 1234 4543 was
1247 4480 1288 4544 hc
1302 4482 1397 4544 made
