3014 4898
355 273 612 360 StotutcmffAII
626 271 720 340 Souls
739 272 865 358 Callope,
888 274 1017 358 Orp‘ord.
1228 271 1268 337 31

114 457 208 517 sento,
225 445 424 511 Decanorum
448 457 478 506 et
506 445 632 528 majoris
658 446 755 528 partis
779 457 844 508 tam
862 445 1050 529 juristarum
1068 465 1165 529 quarn
1181 446 1271 510 artis-

116 545 219 596 tarum
235 545 310 597 tunc
333 532 535 621 praesentium
560 530 701 617 Collegii
725 533 898 594 memorati.
944 532 1007 605 Qui
1022 531 1115 594 etiarn
1132 532 1270 594 bursarii

115 621 310 703 provisiones
325 632 355 683 et
378 617 549 702 emptiones
572 617 787 701 septimanales
810 639 1013 704 quascunque
1035 618 1225 692 victualium,
1241 632 1272 680 et

115 707 285 769 solutiones
309 726 367 789 pro
389 705 507 767 eisdem
523 703 679 787 quaslibet
705 705 872 777 iaciendas,
898 702 1164 787 superintendant,
1185 704 1270 767 etde

115 792 191 874 ipsis
207 793 381 877 disponant,
394 804 486 875 prout
502 790 546 850 eis
561 789 674 852 melius
688 790 843 855 videbitur
857 790 1012 875 expedire,
1025 812 1083 874 pro
1094 791 1269 869 commodo,

116 878 247 942 utilitate
271 890 302 941 et
324 878 449 948 honore,
476 873 613 961 Collegii
638 876 822 959 supradicti.
848 877 942 954 Qui,
957 877 1092 959 insuper,
1109 877 1171 939 duo
1193 877 1270 939 bur·
1283 886 1383 936 Mutual
1400 887 1469 935 insen

115 965 198 1042 sarii,
215 965 246 1026 in
261 986 326 1026 una
340 966 427 1042 cista,
444 961 484 1023 ad
500 962 557 1025 hoc
573 961 748 1045 specialiter
762 962 953 1048 deputanda,
971 965 1061 1047 cujus
1076 963 1155 1024 duas
1170 961 1271 1025 claves
1282 952 1469 1063 turgaorreeeipt

115 1050 250 1113 habeant
273 1052 349 1113 inter
372 1072 405 1111 se
427 1048 555 1126 divisas,
572 1046 738 1112 alternatos
760 1049 951 1128 indenturas,
968 1069 1047 1132 quas
1063 1050 1142 1112 inter
1157 1071 1188 1112 se
1204 1060 1271 1111 tam
1282 1032 1313 1064 ⁸⁰
1342 1023 1469 1080 prymenu.

115 1137 153 1199 de
167 1139 312 1200 omnibus
328 1149 357 1197 et
375 1133 507 1220 singulis
529 1156 584 1217 per
608 1156 663 1197 eos
685 1137 818 1218 receptis
843 1158 941 1219 quam
967 1137 1061 1198 otiam
1084 1134 1220 1198 liberatis
1239 1148 1270 1198 et

116 1223 268 1305 expensis,
298 1232 327 1284 et
351 1220 468 1284 rotulos
494 1242 588 1304 super
611 1223 778 1305 praemissis
803 1222 901 1285 laotos
923 1221 983 1285 sibi
1005 1222 1140 1285 invicem
1170 1243 1272 1285 corre-

91 1350 92 1353 =
116 1310 306 1392 spondentes,
321 1309 420 1370 facere
434 1317 603 1376 teneantur,
620 1319 766 1392 reponant
785 1318 816 1370 et
830 1310 922 1370 etiam
939 1319 1126 1372 conservent.
1171 1307 1272 1372 Volu·
1283 1327 1469 1390 crisudyotte

116 1416 251 1479 musque
280 1395 373 1477 quod,
402 1393 523 1477 quoties
562 1391 639 1455 alter
676 1394 895 1457 bursariorum
932 1394 1153 1478 praedictorum
1183 1405 1271 1457 extra
1285 1392 1430 1450 orcheni„

116 1481 232 1544 dictam
248 1480 496 1546 Universitatem
519 1479 679 1541 absentare
700 1501 733 1541 se
755 1481 925 1565 contigerit,
943 1480 1061 1542 clavem
1074 1481 1164 1558 diotae
1178 1482 1273 1553 cistae,
1285 1457 1393 1507 ‘'m‘'

117 1567 148 1629 in
169 1589 226 1628 sua
250 1566 391 1631 custodia
416 1577 639 1637 remanentem,
656 1565 801 1628 demittat
824 1567 854 1627 in
879 1566 1023 1629 custodia
1048 1563 1182 1648 alicujus
1206 1567 1273 1630 dis·

117 1653 194 1717 oreti
221 1651 305 1716 Socii
328 1673 391 1714 suae
417 1650 578 1725 facultatis,
600 1664 729 1734 propter
749 1672 860 1714 causas
883 1652 1072 1716 necessarias
1098 1674 1169 1734 quae
1193 1654 1272 1716 veri-

117 1738 263 1802 similiter
277 1739 454 1822 contingere
469 1746 615 1820 poterunt
626 1762 635 1814 3
656 1759 713 1822 pro
734 1759 797 1819 quo
820 1738 887 1823 ipse
908 1759 965 1800 suo
984 1737 1122 1821 periculo
1139 1736 1271 1802 voluerit

118 1825 313 1909 respondere.
359 1823 415 1888 Ad
440 1845 511 1906 qnae
534 1823 643 1885 omnia
667 1832 699 1885 et
721 1822 855 1906 singula,
872 1837 1026 1908 quantum
1043 1824 1084 1886 ad
1099 1824 1185 1907 ipsos
1200 1846 1271 1906 per·
1286 1829 1357 1906 oab,
1369 1845 1399 1877 on
1411 1830 1454 1878 ad-

118 1912 204 1984 tinet,
225 1913 313 1986 bene,
336 1910 502 1996 diligenter
523 1931 560 1972 ac
582 1907 723 1981 fideliter,
741 1909 879 1974 facienda
897 1921 926 1972 et
948 1911 1043 1973 etiam
1068 1911 1272 1985 observanda,
1285 1910 1382 2007 mfl¹5⁸⁸¹⁰¹¹
1394 1901 1419 1942 ω

120 1998 194 2062 dicti
209 1998 350 2076 bursarii,
361 1997 467 2060 statim
480 2007 551 2080 post
566 1996 705 2078 ipsorum
719 1995 944 2059 admissionem
961 1997 1002 2058 ad
1013 1997 1146 2060 officium
1162 1976 1298 2081 supra-⁰
1324 1975 1360 2008 ω’

119 2085 250 2163 dictum,
266 2083 362 2147 tactis
379 2081 583 2144 sacrosanctis
601 2080 798 2166 Evangeliis‚
813 2093 959 2167 praestent
973 2083 1173 2167 corporaliter
1182 2081 1271 2164 jura-

119 2181 270 2248 mentum,
301 2170 335 2231 in
363 2167 532 2252 praesentia
561 2167 706 2229 omnium
738 2167 898 2230 Sociorum
931 2169 1010 2231 dicti
1040 2168 1196 2253 Collegii,
1223 2169 1274 2232 vel

120 2255 246 2339 majoris
259 2255 360 2339 partis
376 2275 482 2315 eorum
506 2264 580 2316 tuuc
597 2253 627 2313 in
647 2252 733 2314 dioto
746 2252 886 2338 Collegio
901 2255 1119 2338 praesentium
1146 2256 1272 2338 praefato

121 2339 261 2402 Custode
275 2341 332 2413 vel,
348 2340 381 2400 in
403 2339 505 2422 ipsius
528 2338 682 2414 absentia,
699 2336 908 2402 Vioecustode
925 2338 1141 2422 juramentum
1163 2338 1272 2423 hujus-

120 2426 210 2488 modi
225 2426 377 2509 exigente.
423 2424 616 2497 Quamlibet,
641 2437 800 2508 praeterea,
818 2425 1026 2487 bursariorum
1049 2425 1271 2510 praedictorum
1286 2443 1453 2507 Stipend,and

119 2512 225 2596 viginti
249 2533 302 2573 sex
325 2511 443 2572 solidos
467 2523 497 2572 et
519 2523 590 2571 octo
614 2509 758 2572 denarios
782 2510 1009 2596 sterlingorum,
1026 2511 1065 2574 de
1080 2512 1170 2574 bonis
1185 2533 1272 2574 com·
1285 2507 1434 2557 ouationes

120 2597 268 2660 munibus
289 2597 364 2661 dicti
381 2595 535 2679 Collegii,
551 2597 719 2658 annuatim
741 2597 902 2680 percipere
926 2597 1079 2669 volumus,
1095 2619 1152 2681 pro
1166 2599 1273 2662 labore
1285 2573 1360 2621 office.

120 2698 151 2746 et
166 2683 318 2768 stipendio
333 2683 364 2744 in
380 2683 483 2744 officio
506 2682 703 2766 supradicto;
728 2682 812 2743 ultra
834 2706 872 2746 ea
891 2704 960 2767 quae
981 2683 1124 2767 ipsorum
1146 2684 1274 2769 quilibet

120 2769 154 2831 in
178 2770 288 2833 eodem
312 2768 452 2854 Collegio
475 2768 533 2831 erit
550 2768 628 2830 alias
656 2781 878 2852 percepturus:
903 2770 1043 2854 ipsorum
1067 2769 1169 2833 officio
1191 2771 1273 2836 ultra

119 2877 245 2931 annum,
269 2856 328 2918 nisi
357 2865 490 2941 urgente
521 2855 700 2918 necessitate
729 2853 777 2916 vel
801 2856 943 2919 evidente
964 2855 1115 2932 utilitate,
1138 2858 1274 2923 minime

119 2942 277 3006 duraturo.

237 3094 318 3180 Cap.
336 3093 465 3161 8.-De
481 3095 677 3158 Deeonorum
692 3095 838 3172 electione,
854 3104 882 3157 et
895 3115 998 3160 eorum
1011 3097 1119 3180 officiis
1132 3107 1161 3162 et
1268 3155 1272 3159 .

598 3183 786 3262 juramenta.

166 3291 258 3367 Item,
274 3292 448 3368 statuimus,
461 3290 643 3351 ordinamus
665 3297 698 3351 et
722 3290 879 3362 volumus,
896 3291 981 3375 quod
1004 3293 1068 3355 duo
1092 3292 1180 3355 Socii
1197 3291 1274 3356 Ool-
1287 3285 1469 3336 Nominattono

118 3376 193 3462 legii
218 3377 372 3460 praedicti,
398 3375 437 3437 de
461 3375 690 3438 discretioribus
713 3386 745 3436 et
769 3376 1003 3455 maturioribus,
1028 3392 1109 3444 unus
1131 3351 1434 3442 videlicet²w⁰D⁰⁸m⁸

122 3464 278 3548 Magister
293 3462 419 3524 Artium
436 3471 466 3522 et
481 3460 564 3522 alius
589 3460 811 3523 baccalaureus
830 3459 913 3543 juris
937 3464 1081 3526 canonici
1098 3465 1145 3526 vel
1158 3463 1272 3536 civilis,

116 3548 209 3633 juxta
217 3548 435 3611 discretionem
445 3546 603 3623 Custodis‚
617 3546 845 3617 Vioecustodis,
854 3547 1069 3611 bursariorum
1084 3561 1114 3611 et
1126 3572 1180 3612 sex
1191 3550 1271 3612 alio-

120 3657 190 3699 rum
206 3634 371 3697 Sociorum
385 3633 461 3695 dicti
477 3630 628 3714 Collegii,
641 3632 683 3694 ad
698 3631 758 3694 hoc
774 3654 830 3716 per
840 3632 1016 3696 Custodem
1031 3647 1063 3696 et
1079 3658 1133 3697 sex
1148 3635 1269 3711 Socios,

120 3743 252 3807 quorum
268 3733 332 3784 tres
347 3719 468 3781 artistae
490 3730 520 3781 et
544 3717 603 3779 alii
626 3729 687 3779 tres
708 3716 833 3800 juristae
857 3719 993 3783 seniores
1016 3723 1156 3791 existant,
1171 3722 1271 3784 nomi-

120 3820 234 3871 nentur
254 3819 282 3869 et
304 3815 519 3881 assumantur3
543 3825 623 3889 quos
638 3803 786 3866 Decanos
802 3804 948 3868 volumus
972 3808 1170 3891 nuncupari:
1195 3829 1270 3890 pro·

120 3895 198 3972 viso,
221 3894 304 3979 quod
328 3891 434 3954 nullus
460 3892 493 3953 in
520 3891 685 3953 Decanum
705 3888 890 3972 juristarum
916 3906 1104 3968 assumatur,
1130 3894 1195 3956 nisi
1217 3917 1272 3978 per

121 3980 223 4043 dictos
247 3991 306 4042 tres
325 3979 457 4062 juristas
481 3977 574 4040 fuerit
601 3976 791 4038 nominatus.
838 3979 913 4056 Qut,
930 3980 989 4041 sub
1011 3980 1098 4043 dioto
1120 3980 1270 4059 Custode,
1283 3989 1354 4040 Their
1364 3992 1450 4042 datter.

121 4077 271 4150 tanquam
301 4064 368 4148 ejus
404 4063 611 4146 coadjutores,
640 4061 829 4126 scholarium
862 4076 893 4126 et
931 4064 1098 4130 Sociorum
1126 4067 1271 4151 ipsorum

122 4173 228 4217 curam
255 4163 284 4215 et
308 4152 449 4237 regimen
476 4150 634 4226 habeant3
657 4149 803 4232 qualiter,
819 4149 949 4224 scilicet,
964 4152 999 4213 in
1014 4152 1121 4214 studio
1137 4153 1271 4216 scholas·

122 4238 183 4300 tioo
196 4250 226 4299 et
241 4260 362 4302 morum
379 4239 538 4300 honestate
552 4236 712 4319 proficiant
728 4259 737 4313 ;
759 4247 789 4298 et
814 4237 858 4299 eis
884 4238 1145 4322 superintendere,
1170 4250 1202 4302 et
1219 4263 1272 4303 eos

122 4322 338 4406 delinquentes
365 4325 520 4408 corripere
544 4333 575 4384 et
601 4323 983 4409 inor·epare,ipson1mque
1006 4326 1272 4412 transgressiones,

122 4430 266 4472 excessus
288 4422 319 4471 et
344 4409 469 4480 delicta,
492 4408 630 4473 Custodi
659 4408 709 4470 vel
735 4408 939 4473 Vioecustodi
967 4410 1156 4491 denuntiare,
1180 4424 1210 4474 et
1236 4425 1272 4475 ut

122 4495 207 4579 ipsa,
234 4494 326 4577 juxta
347 4496 555 4560 ordinationes
584 4509 616 4558 et
647 4504 763 4559 statuta
788 4511 906 4570 nostra,
930 4498 1128 4584 corrigantur
1157 4513 1187 4562 et
1216 4521 1274 4584 pu·
