3014 4898
472 209 735 295 'Iujuuctt'omtff
753 208 889 275 Visitors.
1107 243 1111 253 ·
1208 213 1268 282 107

115 403 183 445 sem
207 405 228 445 a
250 391 394 468 tempore
422 380 623 444 vacationum
652 380 834 458 earundem,
859 381 1079 464 suppleantur.
1124 383 1217 458 Quod
1243 387 1270 449 si

116 467 233 532 Custos
255 468 336 531 infra
357 491 498 530 mensem
523 489 586 530 000
608 465 830 550 nominaverit!
844 467 985 551 aliquem
1008 470 1172 533 Sociorum
1194 471 1271 535 dicti

114 554 257 638 Collegii
278 557 319 618 ad
340 552 581 618 exhibitionarii
602 553 646 616 sic
667 553 804 615 vacantis
828 552 945 633 locum,
964 557 1111 620 'volumus
1132 567 1164 619 et
1185 558 1270 620 ordi·

114 661 226 704 namus
249 641 334 725 quod
356 652 424 703 tum
450 639 517 723 ejus
539 639 605 702 loci
624 639 782 703 devolutio
807 639 924 703 fiatad
945 663 1001 704 nos
1023 653 1054 705 et
1073 664 1270 707 successores

113 740 243 807 nostros,
260 727 499 790 Cantuarienses
520 725 798 809 Archiepiscopos,
821 748 861 790 ex
883 736 1025 812 tempore
1046 729 1214 809 existentes,
1233 739 1269 793 ut

113 812 216 892 (1000,
232 813 403 876 secundm
418 812 573 896 requitatis
587 814 748 886 rationem,
763 812 959 896 disponatur.
977 870 980 875 .
1185 889 1192 903 ¹

120 938 122 942 ι
158 897 212 964 25.
237 899 328 973 Item,
346 899 557 984 praecipimus
579 908 609 961 et
631 898 739 961 stricte
759 896 951 985 injungendo
965 901 1163 981 mandamus,
1179 902 1267 989 quod

114 983 195 1047 inter
218 985 325 1049 Socios
341 999 372 1048 et
394 985 554 1049 scholares
569 985 642 1048 dicti
657 983 798 1068 Collegii
812 1006 921 1048 omnes
937 986 1081 1051 sactiones
1096 999 1125 1049 et
1141 987 1266 1050 dissen-

115 1070 217 1134 siones
231 1072 358 1155 penitus
372 1071 488 1134 dehinc
504 1081 634 1150 cessent,
650 1079 679 1133 et
697 1070 794 1154 quod,
816 1082 928 1135 mutuo
948 1074 1065 1136 amoris
1079 1083 1110 1136 et
1126 1073 1269 1138 caritatis

114 1179 195 1221 nexu
209 1158 344 1222 invicem
368 1157 512 1244 obligati,
536 1179 648 1242 pacem
671 1167 702 1220 et
723 1159 923 1220 concordiam
943 1159 1067 1222 foveant
1081 1170 1112 1222 et
1127 1158 1268 1243 amplex-

115 1255 215 1310 entur.
262 1244 386 1328 Siquis
402 1266 473 1308 vero
489 1244 623 1328 posthac
638 1243 769 1308 indicto
785 1242 928 1330 Collegio
946 1246 1114 1318 luctuosus,
1130 1268 1267 1326 susurro,

115 1329 350 1393 discordiarum
379 1330 557 1408 seminator,
593 1331 725 1404 rixosus,
755 1331 806 1394 vel
834 1341 1033 1396 manutentor
1062 1332 1165 1405 fuerit,
1193 1355 1268 1395 eum

116 1413 347 1500 (cujuscunque
372 1416 432 1480 loci
460 1427 515 1479 aut
537 1416 654 1502 gradus
679 1416 831 1503 extiterit)
859 1418 963 1501 poenis
989 1419 1023 1480 in
1046 1429 1163 1482 statuto
1187 1419 1268 1482 dicti

114 1501 256 1585 Collegii
272 1504 330 1566 sub
341 1501 437 1566 titulo
453 1510 472 1540 ‘⁴
483 1501 579 1576 Quod
590 1522 653 1563 non
668 1501 728 1565 sint
737 1501 1009 1585 conspirationes”
1025 1504 1193 1588 impositis,
1204 1505 1269 1568 sine

115 1587 311 1651 conniventia
325 1599 380 1651 aut
396 1587 579 1651 remissione
600 1587 717 1670 aliqua,
739 1609 796 1673 per
818 1588 988 1652 Custodem
1011 1600 1041 1652 et
1065 1590 1203 1673 reliquos
1224 1593 1267 1655 ad

117 1695 198 1757 quos
212 1677 355 1758 pertinet,
371 1673 436 1738 nisi
450 1687 480 1738 et
502 1674 564 1756 ipsi
586 1675 720 1760 neglecti
740 1674 839 1737 officii
860 1697 918 1758 per
938 1697 995 1738 nos
1018 1686 1049 1739 01
1072 1698 1268 1740 successores

118 1772 239 1822 nostros
255 1762 344 1848 argui
366 1773 397 1824 et
411 1762 449 1823 de
464 1783 500 1824 eo
516 1760 715 1824 condemnari
729 1760 836 1841 velint,
858 1759 967 1845 puniri
981 1762 1126 1825 volumus
1141 1773 1172 1825 et
1186 1786 1268 1847 pree·

119 1868 149 1908 cr
176 1869 270 1910 rmus.

29 1931 32 1935 ’
152 1868 214 1998 Ρ26.
239 1933 331 2014 Item,
345 1955 409 2018 quo
425 1932 535 1997 certior
549 1932 659 2005 notitia
672 1933 906 2016 praemissorum
922 1934 961 1996 ab
976 1933 1123 1997 omnibus
1140 1933 1174 1997 in
1191 1933 1269 1998 Col·

118 2016 203 2100 legio
225 2020 413 2104 degentibus
435 2018 599 2099 habeatur,
622 2019 839 2103 praecipimus,
862 2019 1059 2104 injungimus
1084 2031 1114 2084 et
1136 2022 1266 2084 manda·

117 2126 198 2182 mus,
222 2105 308 2188 quod
331 2105 380 2168 hae
402 2102 622 2186 injunctiones,
644 2104 685 2166 ad
704 2105 822 2168 bonum
839 2104 972 2192 Collegii
987 2107 1127 2193 regimen
1142 2130 1197 2191 per
1212 2131 1267 2171 000

119 2189 300 2253 Johannem
321 2189 599 2275 Archiepiscopum
627 2190 886 2254 cantuariensem
911 2192 1012 2271 editae,
1038 2194 1166 2276 scriptis,
1189 2194 1268 2255 infra

117 2297 252 2339 mensem
276 2277 471 2346 mandentur,
492 2286 522 2337 et
546 2276 625 2338 libro
648 2287 833 2339 statutorum
856 2277 887 2338 in
909 2276 1097 2341 bibliotheca
1113 2289 1266 2354 catenato,

117 2382 233 2425 necnon
249 2361 281 2424 in
296 2361 383 2425 libris
398 2360 544 2426 Custodia
558 2373 590 2425 et
604 2360 818 2428 Vicecustodis
832 2361 906 2425 dicti
921 2360 1064 2449 collegii,
1078 2363 1266 2430 inserantur.

117 2445 335 2527 Decernentes,
349 2460 380 2510 01
395 2469 537 2532 expresse
557 2447 653 2512 etiam
676 2445 881 2527 declarantes,
903 2470 960 2532 per
981 2461 1161 2533 praesentes,
1182 2450 1266 2534 prio·

117 2533 199 2596 ribus
213 2532 449 2618 injunctionibus
464 2533 514 2597 vel
529 2555 549 2596 0
564 2534 649 2596 nobis
664 2533 711 2597 vel
747 2534 998 2598 raedecessoribus
1014 2537 1125 2599 nostris
1137 2537 1267 2602 antehac

116 2619 207 2682 editis
225 2621 386 2705 (quatenus
399 2619 446 2682 his
461 2620 644 2705 repugnent)
660 2642 714 2702 per
726 2556 786 2682 hes
800 2620 981 2704 posteriores
993 2643 1059 2684 esse
1072 2621 1265 2707 derogatum.

161 2705 281 2769 Datum
304 2708 335 2769 10
362 2706 498 2769 manerio
522 2718 625 2769 nostro
645 2705 684 2768 de
709 2705 886 2786 Lambeth,
902 2707 1069 2772 undecimo
1086 2708 1137 2770 die
1152 2711 1266 2772 mensis

118 2790 317 2872 Novembris,
348 2814 428 2856 0000
459 2791 585 2855 Domini
619 2791 713 2864 1602,
742 2803 772 2854 01
802 2803 918 2857 uostrae
945 2793 1155 2857 translationis
1185 2816 1267 2859 anno

116 2877 272 2941 vicesimo.
330 2878 534 2942 Praesentibus
564 2889 636 2940 1000
660 2901 698 2942 ex
720 2878 847 2944 ibidem.
870 2877 951 2943 Rob.
976 2880 1164 2960 Hovenden,
1188 2881 1265 2948 S.T.

117 2962 301 3036 Professore,
323 2965 395 3030 dicti
418 2963 550 3050 Collegii
566 2963 716 3042 Custode,
744 2964 899 3028 Roderico
925 2965 1027 3052 Lloyd
1042 2966 1263 3045 Vicecustode;

115 3047 242 3113 Thoma
254 3052 416 3125 Edwards,
427 3049 607 3113 Willielmo
623 3049 710 3123 Bird,
728 3051 798 3117 LL.
818 3052 1015 3132 Doctoribus‚
1031 3052 1159 3117 Thoma
1176 3054 1266 3118 Frith

115 3135 144 3198 in
160 3136 290 3218 artibus,
307 3137 468 3210 Bursario,
484 3136 559 3199 dicti
575 3135 709 3222 Collegii
726 3137 834 3203 Sociis.

866 3223 888 3288 J
892 3245 919 3289 o.
938 3222 1221 3291 Caurusamusrs.

158 3548 210 3613 To
237 3573 291 3638 my
315 3571 389 3636 very
415 3549 522 3636 loving
546 3550 660 3615 friends
684 3551 738 3616 the
760 3549 902 3615 Warden
927 3551 988 3614 and
1012 3550 1142 3616 Fellows
1156 3553 1191 3617 01
1209 3554 1265 3620 All

115 3635 219 3716 Souls,
238 3637 272 3699 in
295 3634 539 3700 Orion—Alter
561 3658 614 3722 my
636 3657 707 3722 very
731 3636 840 3723 hearty
862 3639 1135 3707 commendations.
1181 3641 1264 3706 lam

116 3723 205 3808 giren
230 3740 262 3786 to
286 3721 478 3823 understand
499 3722 567 3824 that
590 3722 677 3786 there
695 3724 725 3824 10
741 3745 826 3789 some
842 3724 986 3825 question
1002 3724 1103 3787 arisen
1122 3741 1266 3814 amongst

114 3830 387 3982 1111011111
402 3808 1266 3980 telttlttttttttybttttttt‘ttttltt:

80 4012 84 4020 ·
114 4005 153 4045 ur
176 3984 230 4067 ing
244 4003 324 4067 your
336 3981 481 4060 Warden,
498 3982 572 4046 with
587 3982 706 4067 danger
719 3983 755 4045 01
771 3982 964 4066 deprivation
978 4004 1062 4070 upon
1079 3985 1131 4048 the
1151 3998 1267 4051 statute

115 4069 142 4131 11
154 4004 195 4129 he
208 4067 296 4153 yield
310 4080 361 4131 not
376 4080 448 4132 unto
463 4090 535 4153 you..
580 4068 596 4131 Ι
622 4067 708 4147 have,
723 4067 884 4150 therefore,
900 4092 985 4157 upon
1011 4070 1137 4155 perusal
1160 4075 1195 4135 of
1212 4074 1266 4139 the

116 4153 187 4216 said
211 4165 337 4228 statute,
353 4155 487 4241 thought
511 4154 592 4252 good
614 4164 647 4217 to
661 4155 775 4240 signify
789 4167 864 4220 unto
880 4179 952 4239 you,
968 4155 1037 4219 that
1051 4155 1066 4220 I
1081 4157 1122 4220 do
1135 4170 1185 4222 not
1200 4159 1265 4224 lind

116 4240 139 4301 it
158 4261 216 4323 any
234 4239 310 4303 such
328 4251 440 4304 matter
455 4242 490 4304 01
499 4240 691 4324 deprivation
707 4255 782 4306 unto
797 4243 848 4306 the
865 4241 1013 4314 Warden,
1025 4263 1059 4304 00
1074 4243 1149 4330 long
1165 4267 1200 4307 as
1211 4245 1265 4311 the

116 4325 185 4388 said
207 4347 281 4388 corn
303 4349 339 4389 or
365 4349 475 4412 money
490 4327 616 4412 coming
631 4327 756 4406 thereos,
772 4327 850 4392 aiter
865 4351 885 4390 0
899 4340 1076 4412 competent
1090 4329 1221 4395 increase
1236 4334 1272 4403 01Ι
1396 4382 1399 4387 -

114 4432 287 4490 commone,
313 4414 348 4476 tit
374 4415 419 4485 lor
445 4415 499 4478 the
522 4414 671 4494 students,
688 4413 715 4480 is
730 4416 896 4502 employed
911 4428 944 4479 to
960 4415 1011 4482 the
1026 4437 1167 4482 common
1185 4418 1267 4505 good
1283 4468 1306 4487 .-
