3014 4898
496 238 684 332 Iry'unctt'ons
698 239 737 319 (ff
755 238 889 300 Vt'sitors.
1223 239 1262 301 81

115 424 224 475 omnes
239 421 271 474 et
286 407 396 496 singuli
411 407 502 490 pueri
517 419 549 470 01
563 405 799 480 adolescentuli,
815 426 871 490 per
886 404 1060 470 Custodem
1072 406 1112 469 ad
1127 408 1262 471 servien-

114 497 192 560 dum
207 498 237 560 in
250 519 287 560 eo
303 494 446 580 Collegio
461 512 522 555 non
536 492 676 565 admissi,
691 515 749 576 per
765 491 945 565 Custodem,
961 504 993 555 et
1013 515 1049 555 ea
1064 493 1192 557 absente
1205 515 1263 578 per

115 582 364 658 Vicecustodem,
388 593 418 641 et
442 601 479 641 eo
502 579 627 642 absente
647 601 706 663 per
731 578 863 641 alterum
890 578 1119 652 Bursariorum,
1142 581 1263 664 penitus

114 668 318 733 excludantur
353 689 373 728 a
409 667 489 728 dicto
527 664 679 750 Collegio‚
711 664 789 727 citra
824 665 962 747 primurn
1001 666 1083 726 diem
1111 664 1264 728 'Octobris

113 755 256 837 proxime
290 753 442 817 futurum.
508 751 640 835 Insuper
671 752 866 835 injungentes
902 751 997 833 quod,
1034 750 1060 811 si
1094 752 1262 833 quisquam

117 840 289 918 Sociorum,
309 837 496 900 scholarium
525 847 579 898 aut
609 834 812 906 servientium,
842 835 919 898 dicti
950 831 1093 920 Collegii,
1123 836 1262 919 aliquem

115 942 285 1008 pauperem
303 923 486 1002 scholarem,
511 944 642 1006 puerum
665 920 714 984 vel
733 923 892 1004 juvenem,
917 921 965 984 vel
989 921 1262 1000 adolescentulum,

116 1031 226 1074 secum
262 1011 294 1073 in
330 1030 455 1072 camera
490 1021 671 1091 pernoctare
709 1023 761 1069 aut
796 1009 878 1069 intra
912 1006 1091 1090 Collegium
1129 1007 1263 1091 reliquiis

115 1107 169 1158 aut
194 1096 377 1180 fragmentis
399 1095 462 1157 suis
476 1105 529 1156 aut
551 1095 628 1156 dicti
647 1093 778 1179 Collegii
793 1093 886 1164 alere,
902 1105 973 1176 post
988 1093 1108 1155 dictum
1124 1095 1262 1176 primum

116 1182 200 1244 diem
216 1183 363 1245 Octobris
376 1181 615 1265 praesumpserit,
630 1179 715 1263 qnod
737 1193 810 1242 tunc
827 1181 870 1243 sic
894 1198 1087 1263 praesumens
1102 1189 1264 1242 moneatur

115 1283 173 1352 per
187 1267 367 1339 Custodem,
381 1278 411 1328 01
422 1286 458 1328 00
474 1267 602 1329 absente
609 1284 667 1349 per
682 1264 932 1339 Vicecustodem,
945 1276 974 1327 et
987 1265 1021 1327 in
1034 1267 1102 1352 ejus
1117 1266 1263 1338 absentia,

115 1368 173 1499 ger
198 1353 363 1416 Decanum
383 1371 448 1414 suae
475 1350 642 1424 facultatis,
658 1363 689 1412 et
714 1372 750 1414 eo
774 1353 900 1414 absente
921 1372 976 1436 per
997 1350 1181 1414 Bursarium
1198 1375 1263 1414 suae

128 1439 282 1510 acultatis,
296 1440 341 1501 uti
358 1439 462 1520 ipsum
479 1459 625 1519 puerum,
645 1435 816 1499 scholarem
836 1436 900 1500 sive
914 1437 1187 1510 adolescentulum,
1211 1462 1264 1501 ex-

141 1523 221 1596 elht,
236 1537 267 1586 et
290 1524 413 1623 penitus
435 1520 589 1591 excludat,
613 1524 694 1584 intra
716 1522 853 1584 triduum
878 1542 897 1582 a
922 1533 1062 1604 tempora
1087 1525 1264 1586 monitionis

116 1540 309 1690 liujusmodt,
324 1609 385 1671 sub
400 1629 492 1691 poena
507 1606 695 1670 exclusionis
710 1626 730 1668 a
745 1607 964 1670 communibus
975 1608 1193 1694 dictiColIegii
1209 1630 1266 1694 per

116 1712 277 1770 mensem;
293 1716 364 1778 quae
378 1712 483 1777 praua,
497 1693 678 1756 immediate
692 1704 762 1775 post
783 1693 923 1755 triduum
937 1692 1026 1771 illud,
1043 1695 1137 1756 calvis
1152 1695 1187 1757 id
1203 1716 1263 1758 non

117 1780 236 1843 facienti
251 1803 308 1865 per
324 1779 502 1852 Custodem,
511 1790 542 1841 01
555 1801 593 1841 eo
608 1779 732 1842 absente
746 1802 803 1863 per
817 1779 1042 1850 Vicacustodis‚
1056 1790 1086 1843 et
1103 1780 1265 1843 Decanum

117 1865 276 1929 facultatis
290 1867 365 1929 dicti
381 1865 593 1949 delinquentis,
604 1866 791 1948 imponatur.
837 1865 997 1948 Quodque
1008 1875 1056 1926 ter
1070 1867 1117 1928 sic
1127 1866 1263 1929 monitus

116 1962 147 2014 et
162 1952 364 2015 effectualiter
377 1972 437 2013 non
452 1951 567 2013 faciens
582 1951 623 2013 sit
644 1951 715 2034 ipso
736 1953 816 2013 facto
830 1972 848 2013 a
864 1951 948 2014 dicto
965 1951 1115 2034 Collegio,
1131 1974 1174 2034 00
1182 1953 1264 2015 omni

116 2039 285 2102 commodo
298 2049 328 2101 01
347 2038 559 2099 emolumento
579 2038 728 2121 ejusdem,
745 2038 785 2098 ad
807 2054 933 2098 omnem
949 2037 1094 2099 effectum
1111 2039 1264 2117 exclusus,

117 2144 156 2187 ac
170 2125 196 2186 si
210 2123 395 2206 delinquens
408 2123 586 2204 hujusmodi
600 2126 689 2184 rebus
704 2135 782 2185 esset
797 2122 941 2184 sublatus
957 2123 1110 2186 humanis.

165 2211 215 2275 16.
239 2209 329 2286 Item,
345 2206 537 2290 injungimus
553 2207 729 2270 011111111101
744 2207 957 2291 praecipiendo
972 2204 1158 2271 mandamus
1180 2209 1266 2291 quod

119 2293 199 2356 nihil
214 2294 359 2374 exigatur
375 2315 394 2354 a
409 2291 604 2356 scholaribus
619 2292 777 2373 eligendis
792 2292 826 2354 in
846 2310 966 2354 annum
990 2293 1194 2377 probationis,
1217 2294 1266 2355 101

118 2381 159 2441 ab
184 2378 231 2440 eis
254 2378 288 2439 in
312 2398 397 2439 veros
424 2376 532 2440 Socios
555 2377 770 2447 admittendis,
798 2398 856 2460 pro
870 2376 996 2440 bibario
1016 2391 1069 2439 aut
1085 2379 1218 2461 prandio
1233 2380 1265 2440 in

118 2463 279 2527 communi
293 2461 531 2545 impendendo,
555 2461 627 2526 Nec
641 2461 804 2525 differatur
817 2479 925 2524 eorum
945 2462 1098 2526 admissio
1121 2463 1154 2525 in
1179 2486 1265 2527 com·

119 2572 249 2624 munes;
265 2550 319 2611 sed
335 2548 441 2609 statim
455 2569 509 2610 seu
525 2546 608 2609 intra
623 2549 730 2610 decem
752 2547 820 2609 dies
842 2565 911 2631 post
936 2571 1044 2611 eorum
1071 2548 1264 2629 electionem,

119 2638 160 2698 ad
175 2635 294 2700 viatica
308 2633 343 2696 in
358 2633 430 2696 aula
444 2632 645 2716 recipiantur,
659 2634 775 2716 absque
792 2634 902 2716 aliqua
915 2651 1002 2697 mora
1016 2634 1066 2698 vel
1081 2633 1243 2699 dilatione.

166 2721 215 2787 17.
240 2721 333 2800 Item,
360 2718 560 2802 praecipimus
583 2731 613 2782 et
643 2719 774 2782 firmiter
797 2717 987 2806 injungendo
1016 2722 1202 2784 mandamus
1227 2744 1266 2784 ne

118 2807 193 2891 quis
217 2806 394 2883 Sociorum,
418 2806 523 2867 locum
546 2824 640 2868 suum
664 2805 698 2866 in
722 2806 835 2869 eodem
851 2805 997 2890 Collegio
1019 2800 1187 2870 relicturus
1211 2820 1267 2870 aut

118 2893 339 2978 resignatums,
363 2890 456 2953 illum
480 2890 628 2974 cuiquam
650 2892 773 2969 vendat,
794 2902 846 2954 aut
859 2913 914 2974 pro
930 2887 1040 2955 eodem
1053 2893 1194 2976 aliquam
1210 2916 1266 2976 pe-

119 2979 255 3057 cuniam,
268 2992 323 3041 aut
338 2978 436 3040 aliam
451 2977 630 3040 mercedem
645 2999 700 3039 seu
714 2977 893 3061 praemium,
908 2978 942 3040 in
959 2978 1023 3040 11111
1038 2981 1118 3061 pacti
1133 2980 1266 3062 recipiat

119 3084 140 3128 a
154 3082 327 3128 successore
341 3081 407 3141 suo,
421 3064 469 3125 vel
485 3063 592 3145 aliquo
607 3063 781 3126 amicorum
798 3074 850 3124 aut
867 3075 1031 3147 parentum
1047 3065 1156 3148 ipsius.
1220 3137 1223 3142 ,

167 3148 217 3212 18.
241 3149 333 3228 Item,
356 3147 545 3232 injungimus
568 3159 597 3210 et
622 3150 725 3211 stricte
748 3149 952 3232 praecipiendo
974 3151 1162 3212 mandamus
1183 3150 1266 3233 quod

120 3250 211 3298 nemo
220 3234 386 3299 Sociorum
397 3243 452 3294 aut
463 3232 655 3294 scholarium
665 3234 745 3294 dicti
757 3233 892 3317 Collegii
901 3235 1102 3317 quidcunque
1111 3236 1266 3318 pecuniae,

121 3332 175 3382 aut
191 3320 323 3382 alterius
337 3316 464 3401 praemii
479 3319 529 3379 vel
549 3318 714 3390 mercedis,
738 3319 778 3380 ab
802 3318 909 3400 aliquo
932 3317 967 3379 in
993 3319 1161 3381 scholarem
1186 3319 1267 3382 dicti

122 3403 264 3485 Collegii
293 3402 447 3486 eligendo,
477 3411 532 3463 aut
564 3403 605 3463 ab
640 3400 748 3484 aliquo
780 3403 918 3463 scholare
949 3403 1028 3465 dicti
1063 3403 1201 3487 Collegii
1236 3409 1267 3466 in

123 3489 253 3552 Socium
269 3487 386 3550 ibidem
400 3486 610 3561 admittendo,
625 3496 679 3548 aut
694 3487 735 3549 ab
750 3487 856 3549 amicis
871 3485 938 3568 ejus
954 3488 1001 3549 vol
1016 3510 1177 3571 quoquam
1193 3489 1267 3560 alio,

122 3574 256 3659 recipiat
270 3572 380 3655 aliquo
395 3572 497 3648 modo,
514 3572 572 3634 sub
589 3589 685 3655 poena
704 3569 865 3654 ejectionis
886 3594 951 3634 suae
972 3595 991 3634 a
1008 3573 1095 3637 dicto
1120 3573 1267 3660 Collegio

121 3680 159 3726 ac
174 3658 261 3723 omni
276 3658 442 3722 commodo
457 3669 487 3719 et
502 3656 715 3720 emolumento
730 3657 867 3740 ejusdem
883 3660 914 3721 in
933 3671 1130 3741 perpetuum,
1154 3682 1266 3742 quam-

121 3747 262 3834 primum
278 3745 318 3807 de
333 3742 502 3826 receptione
516 3743 575 3805 illa
590 3743 699 3825 aliquo
714 3743 808 3806 modo
830 3744 970 3825 legitimo
992 3744 1081 3807 nobis
1105 3745 1150 3808 vel
1174 3746 1266 3809 alicui

122 3851 337 3896 successorum
352 3840 504 3908 nostrum,
524 3829 576 3891 101
600 3827 734 3892 Custodi
756 3828 806 3890 101
829 3829 1043 3902 Vicecustodi,
1067 3831 1115 3893 101
1139 3831 1267 3895 Decano

122 3916 282 3982 facultatis
297 3915 403 4001 ipsius
414 3914 606 3999 recipientis,
622 3914 807 3979 constiterit.

169 4006 215 4067 19.
245 4003 335 4080 Item,
373 3998 570 4084 injungendo
600 4012 629 4062 et
664 4000 796 4062 firmiter
829 3999 1041 4084 praecipiendo
1077 4004 1272 4067 mandamus

123 4090 219 4172 quod,
234 4089 263 4152 si
279 4088 447 4172 quisquam
463 4086 628 4148 Sociorum
644 4095 697 4147 aut
719 4085 910 4149 scholarium
934 4086 1010 4149 dicti
1034 4086 1177 4174 Collegii
1197 4091 1269 4172 qui·

124 4197 257 4257 cunque,
272 4194 328 4258 pro
343 4192 415 4236 voce
437 4193 496 4236 sua
512 4171 577 4234 sive
600 4172 795 4234 concedenda
818 4175 883 4235 sire
906 4173 1055 4256 neganda,
1079 4174 1267 4237 locationem

123 4260 263 4343 alicujus
280 4260 377 4322 firmae
396 4272 451 4323 aut
465 4258 678 4320 venditionem
702 4257 853 4320 silvarum
877 4258 918 4319 ad
942 4259 1065 4321 dictum
1089 4257 1269 4344 Collegium

125 4344 323 4430 pertinentis,
345 4355 400 4408 aut
414 4344 680 4428 praesentationem
694 4341 831 4424 alicujus
847 4344 1004 4416 beneficii,
1023 4342 1077 4426 jus
1092 4357 1271 4430 patronatus

125 4429 204 4494 dicti
220 4429 355 4515 Collegii
368 4438 554 4517 tangentem,
576 4430 735 4513 acceperit
757 4431 865 4513 aliquo
887 4431 989 4504 modo,
1014 4431 1097 4514 quod
1122 4443 1195 4495 tunc
1219 4433 1271 4500 1110

662 4515 727 4599 (1.)
1123 4541 1142 4580 a

1328 4576 1355 4617 l
