<?xml version="1.0" encoding="UTF-8"?>
<!DOCTYPE html PUBLIC "-//W3C//DTD XHTML 1.0 Transitional//EN"
    "http://www.w3.org/TR/xhtml1/DTD/xhtml1-transitional.dtd">
<html xmlns="http://www.w3.org/1999/xhtml" xml:lang="en" lang="en">
 <head>
  <title>
</title>
<meta http-equiv="Content-Type" content="text/html;charset=utf-8" />
  <meta name='ocr-system' content='tesseract 3.04.00' />
  <meta name='ocr-capabilities' content='ocr_page ocr_carea ocr_par ocr_line ocrx_word'/>
</head>
<body>
  <div class='ocr_page' id='page_1' title='image "./statutescollege01bondgoog_0057.png"; bbox 0 0 3014 4898; ppageno 0'>
   <div class='ocr_carea' id='block_1_1' title="bbox 243 311 1152 399">
    <p class='ocr_par' dir='ltr' id='par_1_1' title="bbox 243 311 1152 399">
     <span class='ocr_line' id='line_1_1' title="bbox 243 311 1152 399; baseline -0.004 -21"><span class='ocrx_word' id='word_1_1' title='bbox 243 314 284 378; x_wconf 79' lang='lat'>52</span> <span class='ocrx_word' id='word_1_2' title='bbox 493 314 631 383; x_wconf 81' lang='lat' dir='ltr'>Statatcs</span> <span class='ocrx_word' id='word_1_3' title='bbox 646 315 685 399; x_wconf 66' lang='lat' dir='ltr'><em>ff</em></span> <span class='ocrx_word' id='word_1_4' title='bbox 693 313 752 376; x_wconf 79' lang='lat' dir='ltr'>All</span> <span class='ocrx_word' id='word_1_5' title='bbox 765 311 859 379; x_wconf 73' lang='lat' dir='ltr'>sauls</span> <span class='ocrx_word' id='word_1_6' title='bbox 877 311 1002 397; x_wconf 67' lang='lat' dir='ltr'>Callope,</span> <span class='ocrx_word' id='word_1_7' title='bbox 1024 311 1152 397; x_wconf 75' lang='lat' dir='ltr'>Osford.</span> 
     </span>
    </p>
   </div>
   <div class='ocr_carea' id='block_1_2' title="bbox 25 482 1400 2381">
    <p class='ocr_par' dir='ltr' id='par_1_2' title="bbox 25 482 1400 2381">
     <span class='ocr_line' id='line_1_2' title="bbox 27 482 1400 572; baseline -0.001 -25"><span class='ocrx_word' id='word_1_8' title='bbox 27 496 163 572; x_wconf 60' lang='lat' dir='ltr'>Beeowtpg</span> <span class='ocrx_word' id='word_1_9' title='bbox 174 512 190 544; x_wconf 75' lang='lat' dir='ltr'>a</span> <span class='ocrx_word' id='word_1_10' title='bbox 244 485 366 549; x_wconf 77' lang='lat' dir='ltr'><strong>realiter</strong></span> <span class='ocrx_word' id='word_1_11' title='bbox 381 486 476 548; x_wconf 87' lang='lat' dir='ltr'>fucrit</span> <span class='ocrx_word' id='word_1_12' title='bbox 490 486 579 549; x_wconf 84' lang='lat' dir='ltr'>sacta.</span> <span class='ocrx_word' id='word_1_13' title='bbox 618 486 690 548; x_wconf 91' lang='lat' dir='ltr'>Hoc</span> <span class='ocrx_word' id='word_1_14' title='bbox 706 507 827 568; x_wconf 82' lang='lat' dir='ltr'>semper</span> <span class='ocrx_word' id='word_1_15' title='bbox 839 484 971 567; x_wconf 86' lang='lat' dir='ltr'>proviso,</span> <span class='ocrx_word' id='word_1_16' title='bbox 982 484 1068 568; x_wconf 90' lang='lat' dir='ltr'>quod</span> <span class='ocrx_word' id='word_1_17' title='bbox 1079 485 1107 545; x_wconf 91' lang='lat' dir='ltr'>si</span> <span class='ocrx_word' id='word_1_18' title='bbox 1118 484 1186 567; x_wconf 87' lang='lat' dir='ltr'>qois</span> <span class='ocrx_word' id='word_1_19' title='bbox 1201 486 1240 547; x_wconf 88' lang='lat' dir='ltr'>dc</span> <span class='ocrx_word' id='word_1_20' title='bbox 1252 482 1400 569; x_wconf 83' lang='lat' dir='ltr'>personis</span> 
     </span>
     <span class='ocr_line' id='line_1_3' title="bbox 25 563 1396 673; baseline -0.001 -39"><span class='ocrx_word' id='word_1_21' title='bbox 25 563 111 673; x_wconf 57' lang='lat' dir='ltr'>ffl‘n‘l</span> <span class='ocrx_word' id='word_1_22' title='bbox 124 569 190 672; x_wconf 57' lang='grc' dir='ltr'>Ὓθ·</span> <span class='ocrx_word' id='word_1_23' title='bbox 243 572 402 656; x_wconf 73' lang='lat' dir='ltr'>praedictis</span> <span class='ocrx_word' id='word_1_24' title='bbox 422 584 627 656; x_wconf 49' lang='lat' dir='ltr'>praetaxatam</span> <span class='ocrx_word' id='word_1_25' title='bbox 647 572 708 636; x_wconf 86' lang='lat' dir='ltr'>sibi</span> <span class='ocrx_word' id='word_1_26' title='bbox 729 572 868 655; x_wconf 82' lang='lat' dir='ltr'>pecuniae</span> <span class='ocrx_word' id='word_1_27' title='bbox 892 594 1051 633; x_wconf 90' lang='lat' dir='ltr'>summam</span> <span class='ocrx_word' id='word_1_28' title='bbox 1070 572 1224 653; x_wconf 88' lang='lat' dir='ltr'>integram</span> <span class='ocrx_word' id='word_1_29' title='bbox 1249 575 1287 633; x_wconf 88' lang='lat' dir='ltr'>de</span> <span class='ocrx_word' id='word_1_30' title='bbox 1310 572 1396 632; x_wconf 88' lang='lat' dir='ltr'>dicta</span> 
     </span>
     <span class='ocr_line' id='line_1_4' title="bbox 27 642 1396 754; baseline -0.001 -34"><span class='ocrx_word' id='word_1_31' title='bbox 27 642 224 754; x_wconf 49' lang='lat' dir='ltr'>,ioss&#39;gf&#39;sslffig</span> <span class='ocrx_word' id='word_1_32' title='bbox 243 661 319 721; x_wconf 87' lang='lat' dir='ltr'>cista</span> <span class='ocrx_word' id='word_1_33' title='bbox 336 673 446 720; x_wconf 90' lang='lat' dir='ltr'>mutuo</span> <span class='ocrx_word' id='word_1_34' title='bbox 472 659 629 740; x_wconf 85' lang='lat' dir='ltr'>receperit,</span> <span class='ocrx_word' id='word_1_35' title='bbox 649 680 809 742; x_wconf 83' lang='lat' dir='ltr'>quousque</span> <span class='ocrx_word' id='word_1_36' title='bbox 824 657 941 741; x_wconf 87' lang='lat' dir='ltr'>pignus</span> <span class='ocrx_word' id='word_1_37' title='bbox 960 680 1055 720; x_wconf 85' lang='lat' dir='ltr'>suum</span> <span class='ocrx_word' id='word_1_38' title='bbox 1080 656 1147 719; x_wconf 90' lang='lat' dir='ltr'>sive</span> <span class='ocrx_word' id='word_1_39' title='bbox 1163 657 1268 721; x_wconf 91' lang='lat' dir='ltr'>cautio</span> <span class='ocrx_word' id='word_1_40' title='bbox 1284 655 1396 738; x_wconf 86' lang='lat' dir='ltr'>hujus·</span> 
     </span>
     <span class='ocr_line' id='line_1_5' title="bbox 244 743 1395 826; baseline -0.003 -19"><span class='ocrx_word' id='word_1_41' title='bbox 244 745 330 808; x_wconf 88' lang='lat' dir='ltr'>modi</span> <span class='ocrx_word' id='word_1_42' title='bbox 353 746 467 825; x_wconf 89' lang='lat' dir='ltr'>luatur,</span> <span class='ocrx_word' id='word_1_43' title='bbox 495 745 681 822; x_wconf 80' lang='lat' dir='ltr'>redimatur,</span> <span class='ocrx_word' id='word_1_44' title='bbox 705 745 901 826; x_wconf 87' lang='lat' dir='ltr'>acquietetur</span> <span class='ocrx_word' id='word_1_45' title='bbox 924 743 1132 806; x_wconf 82' lang='lat' dir='ltr'>effectualiter</span> <span class='ocrx_word' id='word_1_46' title='bbox 1156 744 1203 806; x_wconf 86' lang='lat' dir='ltr'>rel</span> <span class='ocrx_word' id='word_1_47' title='bbox 1227 745 1395 820; x_wconf 82' lang='lat' dir='ltr'>vendatur,</span> 
     </span>
     <span class='ocr_line' id='line_1_6' title="bbox 243 829 1397 915; baseline -0.003 -21"><span class='ocrx_word' id='word_1_48' title='bbox 243 832 305 894; x_wconf 89' lang='lat' dir='ltr'>alia</span> <span class='ocrx_word' id='word_1_49' title='bbox 332 854 458 893; x_wconf 90' lang='lat' dir='ltr'>summa</span> <span class='ocrx_word' id='word_1_50' title='bbox 480 830 520 893; x_wconf 88' lang='lat' dir='ltr'>de</span> <span class='ocrx_word' id='word_1_51' title='bbox 546 833 615 915; x_wconf 84' lang='lat' dir='ltr'>ipsa</span> <span class='ocrx_word' id='word_1_52' title='bbox 646 831 724 893; x_wconf 90' lang='lat' dir='ltr'>cista</span> <span class='ocrx_word' id='word_1_53' title='bbox 750 829 925 893; x_wconf 90' lang='lat' dir='ltr'>nullatenus</span> <span class='ocrx_word' id='word_1_54' title='bbox 954 832 1104 894; x_wconf 84' lang='lat' dir='ltr'>liberetur</span> <span class='ocrx_word' id='word_1_55' title='bbox 1135 851 1189 892; x_wconf 92' lang='lat' dir='ltr'>seu</span> <span class='ocrx_word' id='word_1_56' title='bbox 1218 841 1397 892; x_wconf 87' lang='lat' dir='ltr'>numeretur</span> 
     </span>
     <span class='ocr_line' id='line_1_7' title="bbox 27 915 1395 1001; baseline -0.004 -20"><span class='ocrx_word' id='word_1_57' title='bbox 27 918 173 981; x_wconf 71' lang='lat' dir='ltr'>ttegtnterof</span> <span class='ocrx_word' id='word_1_58' title='bbox 243 919 354 981; x_wconf 88' lang='lat' dir='ltr'>eidem.</span> <span class='ocrx_word' id='word_1_59' title='bbox 403 918 474 979; x_wconf 82' lang='lat' dir='ltr'>Fiat</span> <span class='ocrx_word' id='word_1_60' title='bbox 495 919 590 980; x_wconf 89' lang='lat' dir='ltr'>etiam</span> <span class='ocrx_word' id='word_1_61' title='bbox 606 917 644 979; x_wconf 90' lang='lat' dir='ltr'>de</span> <span class='ocrx_word' id='word_1_62' title='bbox 669 917 798 998; x_wconf 69' lang='lat' dir='ltr'>praefata</span> <span class='ocrx_word' id='word_1_63' title='bbox 820 917 901 978; x_wconf 91' lang='lat' dir='ltr'>cista</span> <span class='ocrx_word' id='word_1_64' title='bbox 924 916 1145 1001; x_wconf 89' lang='lat' dir='ltr'>registrum,in</span> <span class='ocrx_word' id='word_1_65' title='bbox 1167 938 1240 999; x_wconf 86' lang='lat' dir='ltr'>quo,</span> <span class='ocrx_word' id='word_1_66' title='bbox 1264 915 1395 1000; x_wconf 85' lang='lat' dir='ltr'>singulis</span> 
     </span>
     <span class='ocr_line' id='line_1_8' title="bbox 25 983 1393 1087; baseline -0.004 -20"><span class='ocrx_word' id='word_1_67' title='bbox 25 983 101 1046; x_wconf 55' lang='grc' dir='ltr'>Μ’</span> <span class='ocrx_word' id='word_1_68' title='bbox 111 991 157 1033; x_wconf 56' lang='lat'>“⁰⁰</span> <span class='ocrx_word' id='word_1_69' title='bbox 243 1004 346 1083; x_wconf 91' lang='lat' dir='ltr'>annis,</span> <span class='ocrx_word' id='word_1_70' title='bbox 363 1017 420 1087; x_wconf 86' lang='lat' dir='ltr'>p&#39;er</span> <span class='ocrx_word' id='word_1_71' title='bbox 434 1025 531 1066; x_wconf 89' lang='lat' dir='ltr'>unum</span> <span class='ocrx_word' id='word_1_72' title='bbox 546 1003 585 1064; x_wconf 90' lang='lat' dir='ltr'>de</span> <span class='ocrx_word' id='word_1_73' title='bbox 600 1003 784 1065; x_wconf 89' lang='lat' dir='ltr'>custodibus</span> <span class='ocrx_word' id='word_1_74' title='bbox 804 1004 891 1066; x_wconf 85' lang='lat' dir='ltr'>cistae</span> <span class='ocrx_word' id='word_1_75' title='bbox 905 1003 1071 1085; x_wconf 84' lang='lat' dir='ltr'>praedictae,</span> <span class='ocrx_word' id='word_1_76' title='bbox 1095 1003 1271 1066; x_wconf 88' lang='lat' dir='ltr'>scribantur</span> <span class='ocrx_word' id='word_1_77' title='bbox 1286 1003 1393 1086; x_wconf 83' lang='lat' dir='ltr'>singu-</span> 
     </span>
     <span class='ocr_line' id='line_1_9' title="bbox 243 1089 1395 1174; baseline -0.002 -22"><span class='ocrx_word' id='word_1_78' title='bbox 243 1092 334 1152; x_wconf 85' lang='lat' dir='ltr'>latim</span> <span class='ocrx_word' id='word_1_79' title='bbox 351 1089 478 1153; x_wconf 89' lang='lat' dir='ltr'>nomina</span> <span class='ocrx_word' id='word_1_80' title='bbox 493 1101 523 1151; x_wconf 89' lang='lat' dir='ltr'>et</span> <span class='ocrx_word' id='word_1_81' title='bbox 541 1091 728 1174; x_wconf 90' lang='lat' dir='ltr'>cognomina</span> <span class='ocrx_word' id='word_1_82' title='bbox 744 1102 890 1151; x_wconf 89' lang='lat' dir='ltr'>motuum</span> <span class='ocrx_word' id='word_1_83' title='bbox 910 1089 1132 1173; x_wconf 85' lang='lat' dir='ltr'>recipientium</span> <span class='ocrx_word' id='word_1_84' title='bbox 1147 1090 1188 1150; x_wconf 93' lang='lat' dir='ltr'>de</span> <span class='ocrx_word' id='word_1_85' title='bbox 1204 1089 1288 1152; x_wconf 89' lang='lat' dir='ltr'>dicta</span> <span class='ocrx_word' id='word_1_86' title='bbox 1303 1089 1395 1165; x_wconf 82' lang='lat' dir='ltr'>cista,</span> 
     </span>
     <span class='ocr_line' id='line_1_10' title="bbox 242 1175 1393 1259; baseline -0.004 -20"><span class='ocrx_word' id='word_1_87' title='bbox 242 1190 270 1239; x_wconf 88' lang='lat' dir='ltr'>et</span> <span class='ocrx_word' id='word_1_88' title='bbox 287 1177 482 1239; x_wconf 86' lang='lat' dir='ltr'>describatur</span> <span class='ocrx_word' id='word_1_89' title='bbox 494 1176 674 1259; x_wconf 84' lang='lat' dir='ltr'>specialiter</span> <span class='ocrx_word' id='word_1_90' title='bbox 688 1175 793 1237; x_wconf 91' lang='lat' dir='ltr'>cautio</span> <span class='ocrx_word' id='word_1_91' title='bbox 808 1197 905 1257; x_wconf 86' lang='lat' dir='ltr'>qnam</span> <span class='ocrx_word' id='word_1_92' title='bbox 921 1175 1123 1258; x_wconf 84' lang='lat' dir='ltr'>exposuerint</span> <span class='ocrx_word' id='word_1_93' title='bbox 1136 1176 1167 1236; x_wconf 92' lang='lat' dir='ltr'>in</span> <span class='ocrx_word' id='word_1_94' title='bbox 1184 1176 1304 1252; x_wconf 91' lang='lat' dir='ltr'>eadem,</span> <span class='ocrx_word' id='word_1_95' title='bbox 1321 1195 1393 1235; x_wconf 88' lang='lat' dir='ltr'>cum</span> 
     </span>
     <span class='ocr_line' id='line_1_11' title="bbox 242 1260 1394 1345; baseline -0.003 -21"><span class='ocrx_word' id='word_1_96' title='bbox 242 1263 294 1324; x_wconf 93' lang='lat' dir='ltr'>die</span> <span class='ocrx_word' id='word_1_97' title='bbox 320 1276 350 1324; x_wconf 91' lang='lat' dir='ltr'>et</span> <span class='ocrx_word' id='word_1_98' title='bbox 375 1285 477 1324; x_wconf 90' lang='lat' dir='ltr'>mense</span> <span class='ocrx_word' id='word_1_99' title='bbox 499 1262 655 1325; x_wconf 91' lang='lat' dir='ltr'>cautionis</span> <span class='ocrx_word' id='word_1_100' title='bbox 677 1261 839 1344; x_wconf 74' lang='lat' dir='ltr'>expositae,</span> <span class='ocrx_word' id='word_1_101' title='bbox 864 1283 981 1322; x_wconf 87' lang='lat' dir='ltr'>necnon</span> <span class='ocrx_word' id='word_1_102' title='bbox 1007 1262 1135 1323; x_wconf 90' lang='lat' dir='ltr'>nomina</span> <span class='ocrx_word' id='word_1_103' title='bbox 1157 1273 1188 1322; x_wconf 90' lang='lat' dir='ltr'>et</span> <span class='ocrx_word' id='word_1_104' title='bbox 1210 1260 1394 1345; x_wconf 87' lang='lat' dir='ltr'>cognomina</span> 
     </span>
     <span class='ocr_line' id='line_1_12' title="bbox 242 1347 1394 1431; baseline -0.003 -21"><span class='ocrx_word' id='word_1_105' title='bbox 242 1348 370 1410; x_wconf 89' lang='lat' dir='ltr'>illorum</span> <span class='ocrx_word' id='word_1_106' title='bbox 395 1348 511 1431; x_wconf 91' lang='lat' dir='ltr'>quibus</span> <span class='ocrx_word' id='word_1_107' title='bbox 534 1348 753 1411; x_wconf 73' lang='lat' dir='ltr'>excrescentia,</span> <span class='ocrx_word' id='word_1_108' title='bbox 776 1347 975 1409; x_wconf 87' lang='lat' dir='ltr'>debebuntur</span> <span class='ocrx_word' id='word_1_109' title='bbox 997 1347 1035 1408; x_wconf 91' lang='lat' dir='ltr'>de</span> <span class='ocrx_word' id='word_1_110' title='bbox 1059 1348 1242 1430; x_wconf 89' lang='lat' dir='ltr'>pignoribus</span> <span class='ocrx_word' id='word_1_111' title='bbox 1265 1358 1295 1409; x_wconf 91' lang='lat' dir='ltr'>et</span> <span class='ocrx_word' id='word_1_112' title='bbox 1318 1368 1394 1408; x_wconf 90' lang='lat' dir='ltr'>cau·</span> 
     </span>
     <span class='ocr_line' id='line_1_13' title="bbox 242 1433 1394 1512; baseline -0.005 -14"><span class='ocrx_word' id='word_1_113' title='bbox 242 1435 384 1498; x_wconf 92' lang='lat' dir='ltr'>tionibus</span> <span class='ocrx_word' id='word_1_114' title='bbox 413 1433 549 1497; x_wconf 89' lang='lat' dir='ltr'>venditis</span> <span class='ocrx_word' id='word_1_115' title='bbox 579 1434 633 1497; x_wconf 91' lang='lat' dir='ltr'>illo</span> <span class='ocrx_word' id='word_1_116' title='bbox 664 1455 752 1512; x_wconf 90' lang='lat' dir='ltr'>anno,</span> <span class='ocrx_word' id='word_1_117' title='bbox 776 1455 839 1495; x_wconf 90' lang='lat' dir='ltr'>una</span> <span class='ocrx_word' id='word_1_118' title='bbox 863 1455 936 1495; x_wconf 92' lang='lat' dir='ltr'>cum</span> <span class='ocrx_word' id='word_1_119' title='bbox 961 1433 1095 1495; x_wconf 90' lang='lat' dir='ltr'>summis</span> <span class='ocrx_word' id='word_1_120' title='bbox 1115 1433 1394 1496; x_wconf 82' lang='lat' dir='ltr'>excrescentiarum</span> 
     </span>
     <span class='ocr_line' id='line_1_14' title="bbox 242 1519 1393 1604; baseline -0.004 -21"><span class='ocrx_word' id='word_1_121' title='bbox 242 1521 419 1583; x_wconf 88' lang='lat' dir='ltr'>debitarum</span> <span class='ocrx_word' id='word_1_122' title='bbox 438 1520 576 1604; x_wconf 88' lang='lat' dir='ltr'>singulis</span> <span class='ocrx_word' id='word_1_123' title='bbox 595 1521 783 1593; x_wconf 89' lang='lat' dir='ltr'>eorundem;</span> <span class='ocrx_word' id='word_1_124' title='bbox 807 1542 847 1581; x_wconf 94' lang='lat' dir='ltr'>ne</span> <span class='ocrx_word' id='word_1_125' title='bbox 871 1519 955 1602; x_wconf 91' lang='lat' dir='ltr'>quis,</span> <span class='ocrx_word' id='word_1_126' title='bbox 970 1523 1062 1604; x_wconf 91' lang='lat' dir='ltr'>cujus</span> <span class='ocrx_word' id='word_1_127' title='bbox 1081 1520 1224 1604; x_wconf 90' lang='lat' dir='ltr'>pignoris</span> <span class='ocrx_word' id='word_1_128' title='bbox 1248 1541 1303 1581; x_wconf 93' lang='lat' dir='ltr'>seu</span> <span class='ocrx_word' id='word_1_129' title='bbox 1318 1541 1393 1580; x_wconf 92' lang='lat' dir='ltr'>cau-</span> 
     </span>
     <span class='ocr_line' id='line_1_15' title="bbox 244 1605 1394 1691; baseline -0.003 -22"><span class='ocrx_word' id='word_1_130' title='bbox 244 1607 342 1669; x_wconf 91' lang='lat' dir='ltr'>tionis</span> <span class='ocrx_word' id='word_1_131' title='bbox 365 1607 508 1669; x_wconf 89' lang='lat' dir='ltr'>venditio</span> <span class='ocrx_word' id='word_1_132' title='bbox 530 1608 610 1668; x_wconf 79' lang='lat' dir='ltr'>facta</span> <span class='ocrx_word' id='word_1_133' title='bbox 631 1607 735 1684; x_wconf 81' lang='lat' dir='ltr'>luerit,</span> <span class='ocrx_word' id='word_1_134' title='bbox 757 1607 841 1669; x_wconf 87' lang='lat' dir='ltr'>ultra</span> <span class='ocrx_word' id='word_1_135' title='bbox 866 1629 1025 1668; x_wconf 90' lang='lat' dir='ltr'>summam</span> <span class='ocrx_word' id='word_1_136' title='bbox 1047 1606 1145 1667; x_wconf 89' lang='lat' dir='ltr'>mutui</span> <span class='ocrx_word' id='word_1_137' title='bbox 1167 1627 1221 1691; x_wconf 88' lang='lat' dir='ltr'>per</span> <span class='ocrx_word' id='word_1_138' title='bbox 1237 1606 1338 1688; x_wconf 90' lang='lat' dir='ltr'>ipsum</span> <span class='ocrx_word' id='word_1_139' title='bbox 1353 1605 1394 1666; x_wconf 89' lang='lat' dir='ltr'>de</span> 
     </span>
     <span class='ocr_line' id='line_1_16' title="bbox 244 1688 1394 1778; baseline -0.003 -23"><span class='ocrx_word' id='word_1_140' title='bbox 244 1693 330 1755; x_wconf 92' lang='lat' dir='ltr'>dicta</span> <span class='ocrx_word' id='word_1_141' title='bbox 359 1694 439 1756; x_wconf 90' lang='lat' dir='ltr'>cista</span> <span class='ocrx_word' id='word_1_142' title='bbox 469 1692 618 1778; x_wconf 88' lang='lat' dir='ltr'>percepti,</span> <span class='ocrx_word' id='word_1_143' title='bbox 648 1715 704 1775; x_wconf 90' lang='lat' dir='ltr'>per</span> <span class='ocrx_word' id='word_1_144' title='bbox 731 1693 836 1774; x_wconf 91' lang='lat' dir='ltr'>ipsius</span> <span class='ocrx_word' id='word_1_145' title='bbox 865 1692 953 1753; x_wconf 84' lang='lat' dir='ltr'>cistae</span> <span class='ocrx_word' id='word_1_146' title='bbox 975 1693 1143 1753; x_wconf 87' lang='lat' dir='ltr'>custodum</span> <span class='ocrx_word' id='word_1_147' title='bbox 1165 1692 1321 1753; x_wconf 90' lang='lat' dir='ltr'>incuriam</span> <span class='ocrx_word' id='word_1_148' title='bbox 1343 1688 1394 1752; x_wconf 86' lang='lat' dir='ltr'>vel</span> 
     </span>
     <span class='ocr_line' id='line_1_17' title="bbox 245 1777 1394 1863; baseline -0.002 -24"><span class='ocrx_word' id='word_1_149' title='bbox 245 1779 484 1863; x_wconf 82' lang='lat' dir='ltr'>negligentiam,</span> <span class='ocrx_word' id='word_1_150' title='bbox 515 1781 552 1842; x_wconf 89' lang='lat' dir='ltr'>de</span> <span class='ocrx_word' id='word_1_151' title='bbox 581 1778 800 1841; x_wconf 87' lang='lat' dir='ltr'>excrescentiis</span> <span class='ocrx_word' id='word_1_152' title='bbox 831 1777 1016 1862; x_wconf 84' lang='lat' dir='ltr'>hujusmodi</span> <span class='ocrx_word' id='word_1_153' title='bbox 1038 1778 1101 1839; x_wconf 92' lang='lat' dir='ltr'>sibi</span> <span class='ocrx_word' id='word_1_154' title='bbox 1123 1778 1240 1839; x_wconf 90' lang='lat' dir='ltr'>debitis</span> <span class='ocrx_word' id='word_1_155' title='bbox 1262 1798 1394 1860; x_wconf 90' lang='lat' dir='ltr'>quomo-</span> 
     </span>
     <span class='ocr_line' id='line_1_18' title="bbox 30 1863 1395 1948; baseline -0.001 -22"><span class='ocrx_word' id='word_1_156' title='bbox 30 1868 217 1933; x_wconf 76' lang='lat' dir='ltr'>Keepenotrbe</span> <span class='ocrx_word' id='word_1_157' title='bbox 245 1865 363 1929; x_wconf 91' lang='lat' dir='ltr'>dolibet</span> <span class='ocrx_word' id='word_1_158' title='bbox 378 1865 589 1930; x_wconf 81' lang='lat' dir='ltr'>defraudetur.</span> <span class='ocrx_word' id='word_1_159' title='bbox 634 1864 681 1929; x_wconf 87' lang='lat' dir='ltr'>Et</span> <span class='ocrx_word' id='word_1_160' title='bbox 700 1864 739 1925; x_wconf 93' lang='lat' dir='ltr'>ad</span> <span class='ocrx_word' id='word_1_161' title='bbox 754 1865 917 1947; x_wconf 74' lang='lat' dir='ltr'>praemissa</span> <span class='ocrx_word' id='word_1_162' title='bbox 941 1865 1049 1925; x_wconf 92' lang='lat' dir='ltr'>omnia</span> <span class='ocrx_word' id='word_1_163' title='bbox 1066 1865 1146 1926; x_wconf 89' lang='lat' dir='ltr'>bene</span> <span class='ocrx_word' id='word_1_164' title='bbox 1168 1863 1343 1948; x_wconf 88' lang='lat' dir='ltr'>diligenter</span> <span class='ocrx_word' id='word_1_165' title='bbox 1357 1887 1395 1925; x_wconf 93' lang='lat' dir='ltr'>ac</span> 
     </span>
     <span class='ocr_line' id='line_1_19' title="bbox 30 1933 1394 2033; baseline -0.004 -19"><span class='ocrx_word' id='word_1_166' title='bbox 30 1933 171 1982; x_wconf 70' lang='lat' dir='ltr'>chettobe</span> <span class='ocrx_word' id='word_1_167' title='bbox 246 1950 363 2014; x_wconf 90' lang='lat' dir='ltr'>utiliter</span> <span class='ocrx_word' id='word_1_168' title='bbox 377 1953 579 2028; x_wconf 86' lang='lat' dir='ltr'>observanda,</span> <span class='ocrx_word' id='word_1_169' title='bbox 595 1972 717 2012; x_wconf 89' lang='lat' dir='ltr'>necnon</span> <span class='ocrx_word' id='word_1_170' title='bbox 741 1950 782 2011; x_wconf 93' lang='lat' dir='ltr'>ad</span> <span class='ocrx_word' id='word_1_171' title='bbox 804 1950 928 2013; x_wconf 90' lang='lat' dir='ltr'>fidelem</span> <span class='ocrx_word' id='word_1_172' title='bbox 951 1963 1133 2033; x_wconf 91' lang='lat' dir='ltr'>compotum</span> <span class='ocrx_word' id='word_1_173' title='bbox 1152 1952 1290 2032; x_wconf 77' lang='lat' dir='ltr'>praefatae</span> <span class='ocrx_word' id='word_1_174' title='bbox 1305 1949 1394 2011; x_wconf 84' lang='lat' dir='ltr'>cistae</span> 
     </span>
     <span class='ocr_line' id='line_1_20' title="bbox 247 2035 1394 2122; baseline -0.003 -24"><span class='ocrx_word' id='word_1_175' title='bbox 247 2037 452 2116; x_wconf 91' lang='lat' dir='ltr'>reddendum,</span> <span class='ocrx_word' id='word_1_176' title='bbox 473 2037 609 2122; x_wconf 91' lang='lat' dir='ltr'>singulis</span> <span class='ocrx_word' id='word_1_177' title='bbox 628 2036 721 2097; x_wconf 91' lang='lat' dir='ltr'>annis</span> <span class='ocrx_word' id='word_1_178' title='bbox 741 2037 909 2120; x_wconf 88' lang='lat' dir='ltr'>perpetuis,</span> <span class='ocrx_word' id='word_1_179' title='bbox 925 2037 1040 2098; x_wconf 86' lang='lat' dir='ltr'>futuris</span> <span class='ocrx_word' id='word_1_180' title='bbox 1061 2037 1267 2118; x_wconf 86' lang='lat' dir='ltr'>temporibus,</span> <span class='ocrx_word' id='word_1_181' title='bbox 1287 2035 1394 2097; x_wconf 88' lang='lat' dir='ltr'>statim</span> 
     </span>
     <span class='ocr_line' id='line_1_21' title="bbox 246 2123 1394 2207; baseline -0.004 -20"><span class='ocrx_word' id='word_1_182' title='bbox 246 2135 312 2207; x_wconf 85' lang='lat' dir='ltr'>post</span> <span class='ocrx_word' id='word_1_183' title='bbox 338 2123 460 2185; x_wconf 88' lang='lat' dir='ltr'>finalem</span> <span class='ocrx_word' id='word_1_184' title='bbox 487 2135 666 2205; x_wconf 86' lang='lat' dir='ltr'>compotum</span> <span class='ocrx_word' id='word_1_185' title='bbox 690 2125 829 2185; x_wconf 87' lang='lat' dir='ltr'>omnium</span> <span class='ocrx_word' id='word_1_186' title='bbox 856 2145 1097 2185; x_wconf 89' lang='lat' dir='ltr'>communarum</span> <span class='ocrx_word' id='word_1_187' title='bbox 1126 2138 1158 2185; x_wconf 87' lang='lat' dir='ltr'>et</span> <span class='ocrx_word' id='word_1_188' title='bbox 1188 2143 1394 2205; x_wconf 82' lang='lat' dir='ltr'>expensarum</span> 
     </span>
     <span class='ocr_line' id='line_1_22' title="bbox 243 2207 1394 2293; baseline -0.003 -21"><span class='ocrx_word' id='word_1_189' title='bbox 243 2209 378 2273; x_wconf 91' lang='lat' dir='ltr'>aliarum</span> <span class='ocrx_word' id='word_1_190' title='bbox 393 2231 653 2293; x_wconf 90' lang='lat' dir='ltr'>quarumcunque</span> <span class='ocrx_word' id='word_1_191' title='bbox 669 2208 804 2293; x_wconf 88' lang='lat' dir='ltr'>hospitii</span> <span class='ocrx_word' id='word_1_192' title='bbox 815 2209 893 2272; x_wconf 89' lang='lat' dir='ltr'>dicti</span> <span class='ocrx_word' id='word_1_193' title='bbox 910 2207 1050 2293; x_wconf 87' lang='lat' dir='ltr'>Collegii</span> <span class='ocrx_word' id='word_1_194' title='bbox 1066 2207 1221 2292; x_wconf 91' lang='lat' dir='ltr'>complete</span> <span class='ocrx_word' id='word_1_195' title='bbox 1236 2208 1394 2270; x_wconf 90' lang='lat' dir='ltr'>redditum</span> 
     </span>
     <span class='ocr_line' id='line_1_23' title="bbox 244 2294 1395 2381; baseline -0.002 -23"><span class='ocrx_word' id='word_1_196' title='bbox 244 2306 274 2358; x_wconf 92' lang='lat' dir='ltr'>et</span> <span class='ocrx_word' id='word_1_197' title='bbox 294 2296 447 2374; x_wconf 89' lang='lat' dir='ltr'>auditum,</span> <span class='ocrx_word' id='word_1_198' title='bbox 463 2296 618 2380; x_wconf 74' lang='lat' dir='ltr'>praedictae</span> <span class='ocrx_word' id='word_1_199' title='bbox 640 2294 726 2358; x_wconf 85' lang='lat' dir='ltr'>cistae</span> <span class='ocrx_word' id='word_1_200' title='bbox 743 2297 889 2358; x_wconf 87' lang='lat' dir='ltr'>custodes</span> <span class='ocrx_word' id='word_1_201' title='bbox 911 2295 1027 2358; x_wconf 87' lang='lat' dir='ltr'>arctari</span> <span class='ocrx_word' id='word_1_202' title='bbox 1043 2306 1074 2358; x_wconf 92' lang='lat' dir='ltr'>et</span> <span class='ocrx_word' id='word_1_203' title='bbox 1094 2295 1231 2381; x_wconf 86' lang='lat' dir='ltr'>astringi</span> <span class='ocrx_word' id='word_1_204' title='bbox 1245 2295 1395 2359; x_wconf 86' lang='lat' dir='ltr'>volumus</span> 
     </span>
    </p>
   </div>
   <div class='ocr_carea' id='block_1_3' title="bbox 244 2379 788 2467">
    <p class='ocr_par' dir='ltr' id='par_1_3' title="bbox 244 2379 788 2467">
     <span class='ocr_line' id='line_1_24' title="bbox 244 2379 788 2467; baseline -0.004 -22"><span class='ocrx_word' id='word_1_205' title='bbox 244 2384 303 2446; x_wconf 89' lang='lat' dir='ltr'>sub</span> <span class='ocrx_word' id='word_1_206' title='bbox 318 2383 462 2467; x_wconf 90' lang='lat' dir='ltr'>ipsorum</span> <span class='ocrx_word' id='word_1_207' title='bbox 478 2382 588 2446; x_wconf 91' lang='lat' dir='ltr'>debito</span> <span class='ocrx_word' id='word_1_208' title='bbox 602 2379 788 2465; x_wconf 90' lang='lat' dir='ltr'>juramenti.</span> 
     </span>
    </p>
   </div>
   <div class='ocr_carea' id='block_1_4' title="bbox 287 2586 1347 2759">
    <p class='ocr_par' dir='ltr' id='par_1_4' title="bbox 287 2586 1347 2759">
     <span class='ocr_line' id='line_1_25' title="bbox 287 2586 1347 2672; baseline 0 -22"><span class='ocrx_word' id='word_1_209' title='bbox 287 2586 370 2672; x_wconf 90' lang='lat' dir='ltr'>Cap.</span> <span class='ocrx_word' id='word_1_210' title='bbox 388 2588 541 2653; x_wconf 80' lang='lat' dir='ltr'>25.-De</span> <span class='ocrx_word' id='word_1_211' title='bbox 554 2591 691 2654; x_wconf 81' lang='lat' dir='ltr'>custodio</span> <span class='ocrx_word' id='word_1_212' title='bbox 705 2591 869 2654; x_wconf 82' lang='lat' dir='ltr'>communis</span> <span class='ocrx_word' id='word_1_213' title='bbox 883 2590 981 2672; x_wconf 72' lang='lat' dir='ltr'>stqilli</span> <span class='ocrx_word' id='word_1_214' title='bbox 994 2601 1022 2652; x_wconf 81' lang='lat' dir='ltr'>et</span> <span class='ocrx_word' id='word_1_215' title='bbox 1039 2591 1287 2653; x_wconf 69' lang='lat' dir='ltr'>munimertorum</span> <span class='ocrx_word' id='word_1_216' title='bbox 1300 2591 1347 2651; x_wconf 86' lang='lat' dir='ltr'>ad</span> 
     </span>
     <span class='ocr_line' id='line_1_26' title="bbox 617 2675 1017 2759; baseline -0.005 -20"><span class='ocrx_word' id='word_1_217' title='bbox 617 2675 784 2758; x_wconf 73' lang='lat' dir='ltr'>Colleqium</span> <span class='ocrx_word' id='word_1_218' title='bbox 791 2677 1017 2759; x_wconf 72' lang='lat' dir='ltr'>pertinentium.</span> 
     </span>
    </p>
   </div>
   <div class='ocr_carea' id='block_1_5' title="bbox 30 2803 1424 4614">
    <p class='ocr_par' dir='ltr' id='par_1_5' title="bbox 30 2803 1397 3062">
     <span class='ocr_line' id='line_1_27' title="bbox 30 2803 1397 2890; baseline 0.001 -22"><span class='ocrx_word' id='word_1_219' title='bbox 30 2818 151 2868; x_wconf 85' lang='lat' dir='ltr'>common</span> <span class='ocrx_word' id='word_1_220' title='bbox 161 2817 218 2877; x_wconf 72' lang='lat' dir='ltr'>neat,</span> <span class='ocrx_word' id='word_1_221' title='bbox 292 2803 381 2881; x_wconf 91' lang='lat' dir='ltr'>ltem,</span> <span class='ocrx_word' id='word_1_222' title='bbox 406 2803 587 2881; x_wconf 87' lang='lat' dir='ltr'>statuimus,</span> <span class='ocrx_word' id='word_1_223' title='bbox 604 2805 782 2866; x_wconf 84' lang='lat' dir='ltr'>ordinamus</span> <span class='ocrx_word' id='word_1_224' title='bbox 797 2816 828 2867; x_wconf 87' lang='lat' dir='ltr'>et</span> <span class='ocrx_word' id='word_1_225' title='bbox 850 2807 1005 2884; x_wconf 88' lang='lat' dir='ltr'>volumus,</span> <span class='ocrx_word' id='word_1_226' title='bbox 1028 2808 1112 2890; x_wconf 90' lang='lat' dir='ltr'>quod</span> <span class='ocrx_word' id='word_1_227' title='bbox 1135 2805 1210 2868; x_wconf 89' lang='lat' dir='ltr'>dicti</span> <span class='ocrx_word' id='word_1_228' title='bbox 1227 2803 1343 2868; x_wconf 90' lang='lat' dir='ltr'>Custos</span> <span class='ocrx_word' id='word_1_229' title='bbox 1364 2818 1397 2869; x_wconf 89' lang='lat' dir='ltr'>et</span> 
     </span>
     <span class='ocr_line' id='line_1_28' title="bbox 31 2883 1394 2974; baseline 0.001 -23"><span class='ocrx_word' id='word_1_230' title='bbox 31 2883 174 2932; x_wconf 63' lang='lat' dir='ltr'>ffld⁰h““·</span> <span class='ocrx_word' id='word_1_231' title='bbox 247 2889 426 2974; x_wconf 88' lang='lat' dir='ltr'>Collegium</span> <span class='ocrx_word' id='word_1_232' title='bbox 443 2889 582 2970; x_wconf 85' lang='lat' dir='ltr'>sigillum</span> <span class='ocrx_word' id='word_1_233' title='bbox 600 2890 732 2952; x_wconf 88' lang='lat' dir='ltr'>habeant</span> <span class='ocrx_word' id='word_1_234' title='bbox 755 2914 930 2972; x_wconf 90' lang='lat' dir='ltr'>commune,</span> <span class='ocrx_word' id='word_1_235' title='bbox 945 2904 976 2955; x_wconf 92' lang='lat' dir='ltr'>et</span> <span class='ocrx_word' id='word_1_236' title='bbox 991 2893 1099 2956; x_wconf 89' lang='lat' dir='ltr'>archas</span> <span class='ocrx_word' id='word_1_237' title='bbox 1118 2893 1186 2955; x_wconf 88' lang='lat' dir='ltr'>sive</span> <span class='ocrx_word' id='word_1_238' title='bbox 1201 2892 1297 2954; x_wconf 88' lang='lat' dir='ltr'>cistas</span> <span class='ocrx_word' id='word_1_239' title='bbox 1311 2914 1394 2956; x_wconf 90' lang='lat' dir='ltr'>com·</span> 
     </span>
     <span class='ocr_line' id='line_1_29' title="bbox 247 2976 1395 3062; baseline 0.003 -26"><span class='ocrx_word' id='word_1_240' title='bbox 247 2997 369 3053; x_wconf 88' lang='lat' dir='ltr'>munes,</span> <span class='ocrx_word' id='word_1_241' title='bbox 396 2976 428 3036; x_wconf 92' lang='lat' dir='ltr'>in</span> <span class='ocrx_word' id='word_1_242' title='bbox 458 2977 595 3059; x_wconf 92' lang='lat' dir='ltr'>quadam</span> <span class='ocrx_word' id='word_1_243' title='bbox 624 2977 727 3055; x_wconf 91' lang='lat' dir='ltr'>domo,</span> <span class='ocrx_word' id='word_1_244' title='bbox 752 2978 792 3039; x_wconf 92' lang='lat' dir='ltr'>ad</span> <span class='ocrx_word' id='word_1_245' title='bbox 816 2980 946 3040; x_wconf 87' lang='lat' dir='ltr'>modurn</span> <span class='ocrx_word' id='word_1_246' title='bbox 969 2990 998 3041; x_wconf 89' lang='lat' dir='ltr'>et</span> <span class='ocrx_word' id='word_1_247' title='bbox 1020 2981 1152 3041; x_wconf 86' lang='lat' dir='ltr'>formam</span> <span class='ocrx_word' id='word_1_248' title='bbox 1181 2979 1277 3040; x_wconf 90' lang='lat' dir='ltr'>turris</span> <span class='ocrx_word' id='word_1_249' title='bbox 1300 3001 1395 3062; x_wconf 89' lang='lat' dir='ltr'>super</span> 
     </span>
    </p>

    <p class='ocr_par' dir='ltr' id='par_1_6' title="bbox 30 3060 1395 3408">
     <span class='ocr_line' id='line_1_30' title="bbox 31 3060 1394 3152; baseline -0.002 -23"><span class='ocrx_word' id='word_1_250' title='bbox 31 3079 140 3140; x_wconf 75' lang='lat' dir='ltr'>emtody</span> <span class='ocrx_word' id='word_1_251' title='bbox 151 3078 179 3126; x_wconf 79' lang='lat' dir='ltr'>of</span> <span class='ocrx_word' id='word_1_252' title='bbox 203 3140 210 3152; x_wconf 84' lang='lat'><strong>.</strong></span> <span class='ocrx_word' id='word_1_253' title='bbox 246 3074 371 3146; x_wconf 89' lang='lat' dir='ltr'>portam</span> <span class='ocrx_word' id='word_1_254' title='bbox 386 3060 526 3143; x_wconf 86' lang='lat' dir='ltr'>ejusdem</span> <span class='ocrx_word' id='word_1_255' title='bbox 543 3074 724 3142; x_wconf 87' lang='lat' dir='ltr'>constructa,</span> <span class='ocrx_word' id='word_1_256' title='bbox 737 3065 877 3125; x_wconf 89' lang='lat' dir='ltr'>securius</span> <span class='ocrx_word' id='word_1_257' title='bbox 889 3064 1075 3147; x_wconf 91' lang='lat' dir='ltr'>reponenda.</span> <span class='ocrx_word' id='word_1_258' title='bbox 1109 3063 1147 3126; x_wconf 90' lang='lat' dir='ltr'>In</span> <span class='ocrx_word' id='word_1_259' title='bbox 1159 3062 1251 3147; x_wconf 87' lang='lat' dir='ltr'>cujus</span> <span class='ocrx_word' id='word_1_260' title='bbox 1266 3065 1394 3147; x_wconf 89' lang='lat' dir='ltr'>quidem</span> 
     </span>
     <span class='ocr_line' id='line_1_31' title="bbox 30 3144 1395 3232; baseline 0.007 -29"><span class='ocrx_word' id='word_1_261' title='bbox 30 3144 146 3204; x_wconf 67' lang='lat' dir='ltr'>reginen,</span> <span class='ocrx_word' id='word_1_262' title='bbox 157 3149 359 3210; x_wconf 57' lang='lat' dir='ltr'>corcedomus</span> <span class='ocrx_word' id='word_1_263' title='bbox 381 3148 447 3209; x_wconf 87' lang='lat' dir='ltr'>sive</span> <span class='ocrx_word' id='word_1_264' title='bbox 469 3148 566 3210; x_wconf 91' lang='lat' dir='ltr'>turris</span> <span class='ocrx_word' id='word_1_265' title='bbox 588 3149 692 3232; x_wconf 92' lang='lat' dir='ltr'>prima</span> <span class='ocrx_word' id='word_1_266' title='bbox 712 3149 761 3211; x_wconf 86' lang='lat' dir='ltr'>vel</span> <span class='ocrx_word' id='word_1_267' title='bbox 783 3150 929 3212; x_wconf 89' lang='lat' dir='ltr'>inferiori</span> <span class='ocrx_word' id='word_1_268' title='bbox 947 3173 1081 3221; x_wconf 88' lang='lat' dir='ltr'>camera,</span> <span class='ocrx_word' id='word_1_269' title='bbox 1105 3151 1139 3213; x_wconf 92' lang='lat' dir='ltr'>in</span> <span class='ocrx_word' id='word_1_270' title='bbox 1162 3151 1252 3214; x_wconf 88' lang='lat' dir='ltr'>cistis</span> <span class='ocrx_word' id='word_1_271' title='bbox 1275 3153 1313 3212; x_wconf 90' lang='lat' dir='ltr'>ad</span> <span class='ocrx_word' id='word_1_272' title='bbox 1338 3151 1395 3213; x_wconf 87' lang='lat' dir='ltr'>hoc</span> 
     </span>
     <span class='ocr_line' id='line_1_32' title="bbox 31 3206 1395 3331; baseline 0.001 -35"><span class='ocrx_word' id='word_1_273' title='bbox 31 3206 228 3331; x_wconf 42' lang='lat' dir='ltr'>affigebat-</span> <span class='ocrx_word' id='word_1_274' title='bbox 248 3233 413 3316; x_wconf 88' lang='lat' dir='ltr'>deputatis,</span> <span class='ocrx_word' id='word_1_275' title='bbox 431 3247 620 3317; x_wconf 87' lang='lat' dir='ltr'>reponantur</span> <span class='ocrx_word' id='word_1_276' title='bbox 633 3245 663 3296; x_wconf 91' lang='lat' dir='ltr'>et</span> <span class='ocrx_word' id='word_1_277' title='bbox 678 3234 773 3297; x_wconf 90' lang='lat' dir='ltr'>etiam</span> <span class='ocrx_word' id='word_1_278' title='bbox 786 3237 1001 3298; x_wconf 90' lang='lat' dir='ltr'>custodiantur</span> <span class='ocrx_word' id='word_1_279' title='bbox 1015 3237 1124 3299; x_wconf 92' lang='lat' dir='ltr'>omnia</span> <span class='ocrx_word' id='word_1_280' title='bbox 1139 3237 1279 3321; x_wconf 81' lang='lat' dir='ltr'>registra,</span> <span class='ocrx_word' id='word_1_281' title='bbox 1295 3237 1395 3318; x_wconf 88' lang='lat' dir='ltr'>copiae</span> 
     </span>
     <span class='ocr_line' id='line_1_33' title="bbox 247 3318 1395 3408; baseline 0.002 -26"><span class='ocrx_word' id='word_1_282' title='bbox 247 3331 278 3382; x_wconf 85' lang='lat' dir='ltr'>et</span> <span class='ocrx_word' id='word_1_283' title='bbox 291 3319 479 3402; x_wconf 84' lang='lat' dir='ltr'>transcripta</span> <span class='ocrx_word' id='word_1_284' title='bbox 493 3318 654 3382; x_wconf 89' lang='lat' dir='ltr'>bullarum</span> <span class='ocrx_word' id='word_1_285' title='bbox 669 3321 934 3404; x_wconf 77' lang='lat' dir='ltr'>Apostolicarum,</span> <span class='ocrx_word' id='word_1_286' title='bbox 945 3334 974 3385; x_wconf 88' lang='lat' dir='ltr'>et</span> <span class='ocrx_word' id='word_1_287' title='bbox 985 3323 1165 3386; x_wconf 87' lang='lat' dir='ltr'>chartarum</span> <span class='ocrx_word' id='word_1_288' title='bbox 1179 3322 1354 3408; x_wconf 90' lang='lat' dir='ltr'>Regiarum</span> <span class='ocrx_word' id='word_1_289' title='bbox 1364 3333 1395 3384; x_wconf 91' lang='lat' dir='ltr'>et</span> 
     </span>
    </p>

    <p class='ocr_par' dir='ltr' id='par_1_7' title="bbox 246 3405 1396 3579">
     <span class='ocr_line' id='line_1_34' title="bbox 246 3405 1394 3487; baseline 0 -19"><span class='ocrx_word' id='word_1_290' title='bbox 246 3405 383 3468; x_wconf 91' lang='lat' dir='ltr'>aliorum</span> <span class='ocrx_word' id='word_1_291' title='bbox 394 3407 604 3486; x_wconf 91' lang='lat' dir='ltr'>dominorum,</span> <span class='ocrx_word' id='word_1_292' title='bbox 615 3419 800 3470; x_wconf 87' lang='lat' dir='ltr'>statutorum</span> <span class='ocrx_word' id='word_1_293' title='bbox 811 3410 908 3471; x_wconf 89' lang='lat' dir='ltr'>etiam</span> <span class='ocrx_word' id='word_1_294' title='bbox 920 3422 950 3472; x_wconf 88' lang='lat' dir='ltr'>et</span> <span class='ocrx_word' id='word_1_295' title='bbox 964 3410 1196 3472; x_wconf 87' lang='lat' dir='ltr'>ordinationum</span> <span class='ocrx_word' id='word_1_296' title='bbox 1208 3421 1394 3487; x_wconf 90' lang='lat' dir='ltr'>nostrorum,</span> 
     </span>
     <span class='ocr_line' id='line_1_35' title="bbox 246 3492 1396 3579; baseline 0.002 -26"><span class='ocrx_word' id='word_1_297' title='bbox 246 3493 517 3555; x_wconf 89' lang='lat' dir='ltr'>munimentorum</span> <span class='ocrx_word' id='word_1_298' title='bbox 546 3506 578 3556; x_wconf 88' lang='lat' dir='ltr'>et</span> <span class='ocrx_word' id='word_1_299' title='bbox 606 3493 832 3557; x_wconf 88' lang='lat' dir='ltr'>evidentiarum</span> <span class='ocrx_word' id='word_1_300' title='bbox 869 3517 1138 3579; x_wconf 90' lang='lat' dir='ltr'>quorumcunque,</span> <span class='ocrx_word' id='word_1_301' title='bbox 1167 3496 1292 3560; x_wconf 89' lang='lat' dir='ltr'>dictum</span> <span class='ocrx_word' id='word_1_302' title='bbox 1322 3492 1396 3558; x_wconf 90' lang='lat' dir='ltr'>Col·</span> 
     </span>
    </p>

    <p class='ocr_par' dir='ltr' id='par_1_8' title="bbox 249 3578 1396 3664">
     <span class='ocr_line' id='line_1_36' title="bbox 249 3578 1396 3664; baseline 0.002 -24"><span class='ocrx_word' id='word_1_303' title='bbox 249 3578 369 3661; x_wconf 89' lang='lat' dir='ltr'>legium</span> <span class='ocrx_word' id='word_1_304' title='bbox 399 3580 669 3656; x_wconf 84' lang='lat' dir='ltr'>concernentium3</span> <span class='ocrx_word' id='word_1_305' title='bbox 706 3602 828 3643; x_wconf 86' lang='lat' dir='ltr'>necnon</span> <span class='ocrx_word' id='word_1_306' title='bbox 866 3582 963 3645; x_wconf 93' lang='lat' dir='ltr'>rotuli</span> <span class='ocrx_word' id='word_1_307' title='bbox 999 3594 1230 3664; x_wconf 92' lang='lat' dir='ltr'>compotorum,</span> <span class='ocrx_word' id='word_1_308' title='bbox 1259 3594 1325 3645; x_wconf 84' lang='lat' dir='ltr'>tarn</span> <span class='ocrx_word' id='word_1_309' title='bbox 1355 3580 1396 3642; x_wconf 92' lang='lat' dir='ltr'>de</span> 
     </span>
    </p>

    <p class='ocr_par' dir='ltr' id='par_1_9' title="bbox 247 3664 1396 3752">
     <span class='ocr_line' id='line_1_37' title="bbox 247 3664 1396 3752; baseline 0.003 -26"><span class='ocrx_word' id='word_1_310' title='bbox 247 3666 388 3749; x_wconf 82' lang='lat' dir='ltr'>expensis</span> <span class='ocrx_word' id='word_1_311' title='bbox 411 3665 543 3748; x_wconf 86' lang='lat' dir='ltr'>hospitii</span> <span class='ocrx_word' id='word_1_312' title='bbox 565 3679 596 3727; x_wconf 89' lang='lat' dir='ltr'>et</span> <span class='ocrx_word' id='word_1_313' title='bbox 619 3664 758 3750; x_wconf 87' lang='lat' dir='ltr'>Collegii</span> <span class='ocrx_word' id='word_1_314' title='bbox 775 3668 926 3749; x_wconf 90' lang='lat' dir='ltr'>quamde</span> <span class='ocrx_word' id='word_1_315' title='bbox 948 3668 1098 3730; x_wconf 90' lang='lat' dir='ltr'>maneriis</span> <span class='ocrx_word' id='word_1_316' title='bbox 1119 3679 1150 3730; x_wconf 90' lang='lat' dir='ltr'>et</span> <span class='ocrx_word' id='word_1_317' title='bbox 1172 3669 1247 3730; x_wconf 90' lang='lat' dir='ltr'>aliis</span> <span class='ocrx_word' id='word_1_318' title='bbox 1269 3689 1396 3752; x_wconf 89' lang='lat' dir='ltr'>posses·</span> 
     </span>
    </p>

    <p class='ocr_par' dir='ltr' id='par_1_10' title="bbox 247 3751 1399 3837">
     <span class='ocr_line' id='line_1_38' title="bbox 247 3751 1399 3837; baseline 0.002 -24"><span class='ocrx_word' id='word_1_319' title='bbox 247 3751 392 3814; x_wconf 90' lang='lat' dir='ltr'>sionibus</span> <span class='ocrx_word' id='word_1_320' title='bbox 415 3752 493 3831; x_wconf 88' lang='lat' dir='ltr'>suis,</span> <span class='ocrx_word' id='word_1_321' title='bbox 520 3751 741 3834; x_wconf 90' lang='lat' dir='ltr'>spiritualibus</span> <span class='ocrx_word' id='word_1_322' title='bbox 760 3765 791 3814; x_wconf 89' lang='lat' dir='ltr'>et</span> <span class='ocrx_word' id='word_1_323' title='bbox 818 3752 1053 3837; x_wconf 87' lang='lat' dir='ltr'>temporalibus,</span> <span class='ocrx_word' id='word_1_324' title='bbox 1076 3754 1318 3837; x_wconf 90' lang='lat' dir='ltr'>quibuscunque</span> <span class='ocrx_word' id='word_1_325' title='bbox 1326 3778 1335 3832; x_wconf 92' lang='lat'>;</span> <span class='ocrx_word' id='word_1_326' title='bbox 1360 3774 1399 3816; x_wconf 89' lang='lat' dir='ltr'>ac</span> 
     </span>
    </p>

    <p class='ocr_par' dir='ltr' id='par_1_11' title="bbox 246 3838 1395 3923">
     <span class='ocr_line' id='line_1_39' title="bbox 246 3838 1395 3923; baseline 0.002 -24"><span class='ocrx_word' id='word_1_327' title='bbox 246 3860 353 3899; x_wconf 88' lang='lat' dir='ltr'>omnes</span> <span class='ocrx_word' id='word_1_328' title='bbox 374 3848 404 3899; x_wconf 91' lang='lat' dir='ltr'>et</span> <span class='ocrx_word' id='word_1_329' title='bbox 426 3838 564 3923; x_wconf 85' lang='lat' dir='ltr'>singulae</span> <span class='ocrx_word' id='word_1_330' title='bbox 585 3839 793 3921; x_wconf 89' lang='lat' dir='ltr'>pecuniarum</span> <span class='ocrx_word' id='word_1_331' title='bbox 809 3862 941 3901; x_wconf 83' lang='lat' dir='ltr'>summae</span> <span class='ocrx_word' id='word_1_332' title='bbox 963 3863 1033 3923; x_wconf 86' lang='lat' dir='ltr'>quae</span> <span class='ocrx_word' id='word_1_333' title='bbox 1048 3863 1107 3923; x_wconf 93' lang='lat' dir='ltr'>pro</span> <span class='ocrx_word' id='word_1_334' title='bbox 1128 3840 1277 3923; x_wconf 85' lang='lat' dir='ltr'>expensis</span> <span class='ocrx_word' id='word_1_335' title='bbox 1300 3839 1395 3922; x_wconf 90' lang='lat' dir='ltr'>septi·</span> 
     </span>
    </p>

    <p class='ocr_par' dir='ltr' id='par_1_12' title="bbox 247 3924 1397 4008">
     <span class='ocr_line' id='line_1_40' title="bbox 247 3924 1397 4008; baseline 0.003 -25"><span class='ocrx_word' id='word_1_336' title='bbox 247 3924 424 3986; x_wconf 91' lang='lat' dir='ltr'>manalibus</span> <span class='ocrx_word' id='word_1_337' title='bbox 450 3936 480 3985; x_wconf 93' lang='lat' dir='ltr'>et</span> <span class='ocrx_word' id='word_1_338' title='bbox 503 3924 699 4006; x_wconf 90' lang='lat' dir='ltr'>quotidianis</span> <span class='ocrx_word' id='word_1_339' title='bbox 721 3926 959 4007; x_wconf 89' lang='lat' dir='ltr'>quomodolibet</span> <span class='ocrx_word' id='word_1_340' title='bbox 989 3927 1196 4008; x_wconf 86' lang='lat' dir='ltr'>requirentur.</span> <span class='ocrx_word' id='word_1_341' title='bbox 1249 3925 1397 3996; x_wconf 83' lang='lat' dir='ltr'>Quarum</span> 
     </span>
    </p>

    <p class='ocr_par' dir='ltr' id='par_1_13' title="bbox 247 4008 1424 4091">
     <span class='ocr_line' id='line_1_41' title="bbox 247 4008 1424 4091; baseline 0.002 -22"><span class='ocrx_word' id='word_1_342' title='bbox 247 4009 376 4091; x_wconf 86' lang='lat' dir='ltr'>quidem</span> <span class='ocrx_word' id='word_1_343' title='bbox 392 4032 523 4073; x_wconf 85' lang='lat' dir='ltr'>camerae</span> <span class='ocrx_word' id='word_1_344' title='bbox 538 4024 567 4072; x_wconf 92' lang='lat' dir='ltr'>et</span> <span class='ocrx_word' id='word_1_345' title='bbox 585 4010 734 4073; x_wconf 87' lang='lat' dir='ltr'>cistarum</span> <span class='ocrx_word' id='word_1_346' title='bbox 750 4012 829 4073; x_wconf 90' lang='lat' dir='ltr'>duas</span> <span class='ocrx_word' id='word_1_347' title='bbox 845 4011 985 4073; x_wconf 89' lang='lat' dir='ltr'>diversas</span> <span class='ocrx_word' id='word_1_348' title='bbox 1002 4013 1104 4073; x_wconf 87' lang='lat' dir='ltr'>claves</span> <span class='ocrx_word' id='word_1_349' title='bbox 1120 4010 1201 4072; x_wconf 88' lang='lat' dir='ltr'>inter</span> <span class='ocrx_word' id='word_1_350' title='bbox 1215 4031 1248 4070; x_wconf 90' lang='lat' dir='ltr'>se</span> <span class='ocrx_word' id='word_1_351' title='bbox 1265 4008 1397 4070; x_wconf 90' lang='lat' dir='ltr'>habeant</span> <span class='ocrx_word' id='word_1_352' title='bbox 1421 4066 1424 4071; x_wconf 86' lang='lat'><em>.</em></span> 
     </span>
    </p>

    <p class='ocr_par' dir='ltr' id='par_1_14' title="bbox 30 4092 1399 4352">
     <span class='ocr_line' id='line_1_42' title="bbox 31 4092 1398 4180; baseline -0.001 -23"><span class='ocrx_word' id='word_1_353' title='bbox 31 4106 91 4157; x_wconf 81' lang='lat' dir='ltr'>And</span> <span class='ocrx_word' id='word_1_354' title='bbox 100 4108 128 4157; x_wconf 83' lang='lat' dir='ltr'>ot</span> <span class='ocrx_word' id='word_1_355' title='bbox 135 4107 175 4160; x_wconf 82' lang='lat' dir='ltr'>the</span> <span class='ocrx_word' id='word_1_356' title='bbox 247 4095 368 4156; x_wconf 88' lang='lat' dir='ltr'>divisas</span> <span class='ocrx_word' id='word_1_357' title='bbox 382 4097 444 4158; x_wconf 91' lang='lat' dir='ltr'>duo</span> <span class='ocrx_word' id='word_1_358' title='bbox 460 4097 608 4175; x_wconf 89' lang='lat' dir='ltr'>bursarii,</span> <span class='ocrx_word' id='word_1_359' title='bbox 623 4098 680 4179; x_wconf 90' lang='lat' dir='ltr'>qni</span> <span class='ocrx_word' id='word_1_360' title='bbox 696 4119 755 4180; x_wconf 92' lang='lat' dir='ltr'>pro</span> <span class='ocrx_word' id='word_1_361' title='bbox 773 4110 914 4180; x_wconf 90' lang='lat' dir='ltr'>tempore</span> <span class='ocrx_word' id='word_1_362' title='bbox 929 4097 1044 4158; x_wconf 85' lang='lat' dir='ltr'>fuerint</span> <span class='ocrx_word' id='word_1_363' title='bbox 1057 4096 1208 4179; x_wconf 87' lang='lat' dir='ltr'>deputati.</span> <span class='ocrx_word' id='word_1_364' title='bbox 1242 4092 1398 4179; x_wconf 83' lang='lat' dir='ltr'>Sigillum</span> 
     </span>
     <span class='ocr_line' id='line_1_43' title="bbox 30 4172 1399 4264; baseline 0 -22"><span class='ocrx_word' id='word_1_365' title='bbox 30 4172 213 4226; x_wconf 54' lang='lat' dir='ltr'><strong>mmmmm·</strong></span> <span class='ocrx_word' id='word_1_366' title='bbox 248 4202 319 4243; x_wconf 90' lang='lat' dir='ltr'>vero</span> <span class='ocrx_word' id='word_1_367' title='bbox 334 4203 500 4243; x_wconf 90' lang='lat' dir='ltr'>commune</span> <span class='ocrx_word' id='word_1_368' title='bbox 526 4182 610 4245; x_wconf 88' lang='lat' dir='ltr'>infra</span> <span class='ocrx_word' id='word_1_369' title='bbox 633 4205 727 4245; x_wconf 89' lang='lat' dir='ltr'>unam</span> <span class='ocrx_word' id='word_1_370' title='bbox 749 4183 906 4246; x_wconf 90' lang='lat' dir='ltr'>dictarum</span> <span class='ocrx_word' id='word_1_371' title='bbox 928 4183 1089 4260; x_wconf 89' lang='lat' dir='ltr'>cistarum,</span> <span class='ocrx_word' id='word_1_372' title='bbox 1112 4182 1147 4243; x_wconf 93' lang='lat' dir='ltr'>in</span> <span class='ocrx_word' id='word_1_373' title='bbox 1170 4181 1309 4264; x_wconf 88' lang='lat' dir='ltr'>quadam</span> <span class='ocrx_word' id='word_1_374' title='bbox 1332 4179 1399 4242; x_wconf 91' lang='lat' dir='ltr'>alia</span> 
     </span>
     <span class='ocr_line' id='line_1_44' title="bbox 247 4266 1397 4352; baseline -0.002 -22"><span class='ocrx_word' id='word_1_375' title='bbox 247 4289 342 4352; x_wconf 80' lang='lat' dir='ltr'>parra</span> <span class='ocrx_word' id='word_1_376' title='bbox 367 4267 456 4346; x_wconf 89' lang='lat' dir='ltr'>cista,</span> <span class='ocrx_word' id='word_1_377' title='bbox 476 4280 573 4332; x_wconf 89' lang='lat' dir='ltr'>serata</span> <span class='ocrx_word' id='word_1_378' title='bbox 595 4267 696 4331; x_wconf 90' lang='lat' dir='ltr'>tribus</span> <span class='ocrx_word' id='word_1_379' title='bbox 717 4269 854 4332; x_wconf 90' lang='lat' dir='ltr'>diversis</span> <span class='ocrx_word' id='word_1_380' title='bbox 877 4268 1006 4339; x_wconf 90' lang='lat' dir='ltr'>seruris,</span> <span class='ocrx_word' id='word_1_381' title='bbox 1027 4267 1176 4330; x_wconf 89' lang='lat' dir='ltr'>continue</span> <span class='ocrx_word' id='word_1_382' title='bbox 1199 4266 1379 4330; x_wconf 82' lang='lat' dir='ltr'>includatur</span> <span class='ocrx_word' id='word_1_383' title='bbox 1386 4291 1397 4345; x_wconf 83' lang='lat'><em>3</em></span> 
     </span>
    </p>

    <p class='ocr_par' dir='ltr' id='par_1_15' title="bbox 268 4353 1399 4433">
     <span class='ocr_line' id='line_1_45' title="bbox 268 4353 1399 4433; baseline -0.001 -16"><span class='ocrx_word' id='word_1_384' title='bbox 268 4375 381 4417; x_wconf 91' lang='lat' dir='ltr'>uarum</span> <span class='ocrx_word' id='word_1_385' title='bbox 401 4375 580 4418; x_wconf 89' lang='lat' dir='ltr'>serurarum</span> <span class='ocrx_word' id='word_1_386' title='bbox 595 4356 732 4418; x_wconf 90' lang='lat' dir='ltr'>diversas</span> <span class='ocrx_word' id='word_1_387' title='bbox 748 4358 850 4418; x_wconf 89' lang='lat' dir='ltr'>claves</span> <span class='ocrx_word' id='word_1_388' title='bbox 869 4355 1004 4419; x_wconf 91' lang='lat' dir='ltr'>habeant</span> <span class='ocrx_word' id='word_1_389' title='bbox 1018 4353 1144 4433; x_wconf 87' lang='lat' dir='ltr'>Custos,</span> <span class='ocrx_word' id='word_1_390' title='bbox 1161 4353 1347 4418; x_wconf 87' lang='lat' dir='ltr'>Vicecnstos</span> <span class='ocrx_word' id='word_1_391' title='bbox 1362 4377 1399 4416; x_wconf 92' lang='lat' dir='ltr'>ac</span> 
     </span>
    </p>

    <p class='ocr_par' dir='ltr' id='par_1_16' title="bbox 245 4376 1399 4528">
     <span class='ocr_line' id='line_1_46' title="bbox 245 4376 1399 4528; baseline 0 -25"><span class='ocrx_word' id='word_1_392' title='bbox 245 4376 397 4503; x_wconf 73' lang='lat' dir='ltr'>llecanus</span> <span class='ocrx_word' id='word_1_393' title='bbox 415 4437 552 4523; x_wconf 82' lang='lat' dir='ltr'>jurista3</span> <span class='ocrx_word' id='word_1_394' title='bbox 575 4441 622 4505; x_wconf 74' lang='lat' dir='ltr'>sic</span> <span class='ocrx_word' id='word_1_395' title='bbox 643 4443 727 4526; x_wconf 91' lang='lat' dir='ltr'>quod</span> <span class='ocrx_word' id='word_1_396' title='bbox 743 4443 828 4505; x_wconf 91' lang='lat' dir='ltr'>nihil</span> <span class='ocrx_word' id='word_1_397' title='bbox 848 4440 1005 4525; x_wconf 88' lang='lat' dir='ltr'>sigilletur</span> <span class='ocrx_word' id='word_1_398' title='bbox 1020 4441 1077 4504; x_wconf 94' lang='lat' dir='ltr'>illo</span> <span class='ocrx_word' id='word_1_399' title='bbox 1096 4440 1215 4528; x_wconf 91' lang='lat' dir='ltr'>sigillo,</span> <span class='ocrx_word' id='word_1_400' title='bbox 1232 4441 1298 4504; x_wconf 89' lang='lat' dir='ltr'>nisi</span> <span class='ocrx_word' id='word_1_401' title='bbox 1313 4441 1399 4525; x_wconf 94' lang='lat' dir='ltr'>quod</span> 
     </span>
    </p>

    <p class='ocr_par' dir='ltr' id='par_1_17' title="bbox 244 4525 1398 4614">
     <span class='ocr_line' id='line_1_47' title="bbox 244 4525 1398 4614; baseline 0.001 -25"><span class='ocrx_word' id='word_1_402' title='bbox 244 4526 397 4611; x_wconf 86' lang='lat' dir='ltr'>primitus</span> <span class='ocrx_word' id='word_1_403' title='bbox 420 4525 509 4610; x_wconf 87' lang='lat' dir='ltr'>plene</span> <span class='ocrx_word' id='word_1_404' title='bbox 530 4540 560 4591; x_wconf 90' lang='lat' dir='ltr'>et</span> <span class='ocrx_word' id='word_1_405' title='bbox 582 4538 688 4613; x_wconf 85' lang='lat' dir='ltr'>aperte</span> <span class='ocrx_word' id='word_1_406' title='bbox 710 4531 867 4593; x_wconf 86' lang='lat' dir='ltr'>scribatur</span> <span class='ocrx_word' id='word_1_407' title='bbox 889 4539 920 4591; x_wconf 89' lang='lat' dir='ltr'>et</span> <span class='ocrx_word' id='word_1_408' title='bbox 942 4527 978 4591; x_wconf 93' lang='lat' dir='ltr'>in</span> <span class='ocrx_word' id='word_1_409' title='bbox 1001 4528 1134 4612; x_wconf 86' lang='lat' dir='ltr'>registro</span> <span class='ocrx_word' id='word_1_410' title='bbox 1155 4529 1237 4593; x_wconf 86' lang='lat' dir='ltr'>dicti</span> <span class='ocrx_word' id='word_1_411' title='bbox 1257 4527 1398 4614; x_wconf 87' lang='lat' dir='ltr'>Collegii</span> 
     </span>
    </p>
   </div>
   <div class='ocr_carea' id='block_1_6' title="bbox 0 0 1512 4898">
    <p class='ocr_par' dir='ltr' id='par_1_18' title="bbox 0 0 1512 4898">
     <span class='ocr_line' id='line_1_48' title="bbox 0 0 1512 4898; baseline 0 0"><span class='ocrx_word' id='word_1_412' title='bbox 0 0 1512 4898; x_wconf 95' lang='lat' dir='ltr'> </span> 
     </span>
    </p>
   </div>
  </div>
 </body>
</html>
